3000 4868
668 902 826 977 Viba.

264 1162 480 1239 Fuerchtegott
503 1161 675 1221 Fridericus
698 1161 870 1220 Alexander
893 1161 1056 1220 Reichardt
1082 1167 1171 1220 natus
1200 1181 1267 1221 sum
1289 1163 1321 1221 in

173 1251 239 1311 vico
253 1251 391 1310 Neudorf
407 1251 445 1309 ad
458 1249 671 1328 Annabergam
686 1252 743 1311 sito
759 1270 784 1310 a.
800 1251 826 1310 d.
841 1251 876 1310 V.
891 1252 934 1310 Id.
951 1249 1015 1309 Oct.
1031 1269 1108 1309 anno
1128 1252 1156 1310 h.
1179 1269 1200 1309 s.
1218 1251 1319 1310 LVIII

175 1342 262 1415 patre
277 1338 395 1416 Omaro,
409 1343 505 1398 matre
519 1340 661 1418 Augusta
678 1359 694 1398 e
714 1343 804 1416 gente
820 1339 1072 1399 Hausmanniana.
1096 1339 1167 1398 fidei
1184 1340 1321 1399 addictus

126 1447 128 1449 ·
176 1447 241 1486 sum
266 1429 464 1504 evangelicae.
505 1431 593 1504 pater
616 1428 755 1506 optimuS,
780 1449 865 1505 quem
891 1428 965 1486 mihi
988 1427 1096 1487 abhinc
1120 1431 1186 1487 octo
1205 1447 1321 1488 menses

146 1558 148 1561 -
176 1520 272 1575 morte
286 1517 443 1592 abreptum
458 1518 558 1594 lugeo,
572 1518 694 1576 assidua
707 1536 779 1576 cure
793 1537 840 1576 me
854 1537 913 1576 non
926 1517 1014 1576 modo
1029 1517 1134 1593 primis
1148 1511 1321 1577 litterarum

175 1607 330 1664 elementis
345 1606 463 1683 imbuit,
476 1626 582 1665 verum
601 1607 692 1665 etiam
711 1607 750 1665 ad
768 1605 963 1664 humanitatis
983 1605 1085 1665 studia
1103 1606 1260 1665 tractanda
1274 1626 1322 1665 me

176 1694 364 1772 informavit,
388 1694 481 1753 donec
500 1715 576 1754 enno
596 1695 706 1754 aetatis
724 1695 812 1752 XVII
830 1696 969 1769 receptus
990 1714 1058 1753 sum
1076 1695 1108 1752 in
1130 1695 1321 1771 gymnasium

177 1781 407 1860 Ohemnitiense,
432 1803 522 1859 quam
546 1785 678 1843 scholam
697 1783 851 1842 Theodoro
870 1782 995 1860 Vogelio
1020 1787 1051 1843 et
1068 1784 1198 1845 Martino
1217 1783 1321 1842 Wohl-

136 1871 140 1875 ’
176 1871 260 1930 rabio
285 1873 451 1932 rectoribus
475 1875 537 1931 tres
561 1893 653 1933 annos
672 1873 868 1950 frequentavi.
910 1873 1096 1932 maturitatis
1115 1872 1322 1932 testimonium

177 1960 303 2039 adeptus
326 1960 358 2018 in
375 1961 572 2021 universitate
591 1963 739 2038 Lipsiensi
758 1962 866 2022 studiis
890 1962 1083 2039 philologieis
1102 1981 1223 2037 operam
1244 1962 1322 2021 dedi.

175 2049 283 2108 scholis
297 2051 430 2127 interfui,
444 2070 518 2127 quas
531 2050 702 2109 habuerunt
715 2051 774 2111 viri
787 2050 953 2110 doctissimi
966 2048 1177 2128 Biedermann,
1192 2052 1321 2129 Braune,

176 2137 307 2216 Curtius,
327 2139 479 2215 Eckstein,
498 2139 613 2215 Fricke,
633 2140 753 2216 Heinze,
772 2139 881 2215 Hirael‚
901 2139 1012 2218 Lange,
1026 2140 1155 2218 Lipsius,
1173 2140 1322 2217 Noorden,

175 2227 324 2303 Ribbeck,
348 2227 471 2305 Seydel,
496 2227 693 2304 Struempell,
711 2228 818 2305 Voigt,
837 2228 1007 2307 Windisch,
1028 2229 1156 2304 Wundt,
1181 2230 1322 2288 Zarneke.

175 2317 384 2391 proseminarii
402 2317 576 2395 philologici
589 2318 667 2395 regii
679 2317 782 2392 Lipsio
801 2317 937 2393 praeside
952 2321 999 2376 ter
1013 2336 1065 2376 sex
1078 2336 1195 2376 menses
1210 2318 1321 2377 sodalis

175 2405 235 2481 fui,
261 2408 291 2464 et
318 2405 424 2465 deinde
449 2426 503 2481 per
530 2408 655 2482 aequale
683 2407 827 2482 temporis
856 2406 989 2482 spatium
1016 2405 1125 2466 sodalis
1152 2406 1321 2465 ordinarius

176 2495 328 2553 seminarii
346 2495 521 2573 philologici
539 2496 626 2572 regii,
646 2496 695 2554 cui
713 2498 873 2572 praeerant
890 2495 1039 2570 Ribbeck,
1057 2495 1171 2571 Lange,
1190 2493 1321 2554 Curtius.

176 2582 441 2643 exercitationibus
461 2583 628 2644 Germanici
653 2585 817 2658 seminarii,
842 2603 917 2661 quas
942 2584 1074 2643 Zarncke
1098 2585 1244 2656 instituit,
1267 2603 1321 2659 per

176 2676 319 2732 semestre
347 2673 491 2748 spatium,
522 2674 674 2733 seminarii
703 2674 899 2752 paedagogici
928 2673 1102 2733 Rcksteinio
1132 2673 1320 2731 moderatore

175 2780 229 2835 per
247 2762 306 2819 tria
329 2763 485 2822 semestria
506 2763 639 2822 interfui.
680 2766 839 2838 praeterea
861 2763 899 2821 ad
923 2762 1096 2821 societatem
1120 2762 1321 2838 antiquarium

176 2849 288 2926 Lange,
312 2849 350 2906 ad
372 2851 586 2927 philologicam
605 2852 739 2911 Ribbeck
762 2872 817 2927 per
839 2854 926 2911 terne
947 2851 1104 2910 semestria
1126 2851 1253 2927 benigne
1273 2869 1320 2909 me

176 2938 370 2997 admIserunt.
416 2939 524 3015 quibus
551 2940 624 2999 viris
653 2940 789 2999 omnibus
821 2960 876 3015 pro
909 2940 1034 3000 summis
1065 2940 1097 2996 in
1129 2959 1176 2998 me
1204 2940 1320 2998 meritis

175 3026 289 3104 gratias
314 3046 370 3104 ago
394 3046 428 3085 ao
451 3045 568 3103 semper
590 3029 707 3088 habebo
731 3029 883 3088 maximas.
911 3060 948 3068 -
974 3028 1119 3087 Examina
1144 3047 1199 3103 pro
1227 3028 1319 3086 fecul-

176 3118 239 3174 tate
262 3117 293 3174 in
312 3115 477 3193 gymnasiis
498 3118 622 3177 docendi
642 3137 719 3176 anno
738 3119 767 3177 h.
788 3137 810 3177 s.
828 3117 968 3176 LXXXlI
986 3120 1126 3194 superato
1146 3117 1320 3176 candidatus

175 3204 346 3278 probandus
369 3207 516 3281 ascriptus
543 3207 588 3265 fui
614 3207 771 3284 gymnasio
797 3207 880 3284 regio
908 3206 1065 3281 Lipsiensi.
1111 3206 1216 3265 deinde
1245 3206 1320 3264 duos

176 3293 239 3350 fere
263 3311 355 3352 annos
377 3295 494 3354 Bornae
517 3297 690 3374 magisterio
713 3296 835 3354 functus
859 3314 935 3354 anno
959 3295 1114 3354 LXXXVI
1136 3295 1202 3354 Kal.
1221 3293 1319 3370 April.

176 3381 320 3440 Dresdam
343 3383 568 3460 transmigravi,
596 3386 650 3444 ubi
672 3405 709 3444 ex
731 3386 787 3444 hoc
810 3387 944 3459 tempore
968 3384 999 3442 in
1026 3384 1208 3443 bibliotheca
1235 3384 1320 3460 regia

176 3470 298 3546 publica
321 3471 467 3531 adiutoria
489 3471 588 3530 locum
610 3477 708 3533 teneo.
