3000 4868
669 249 863 303 -4..

194 417 284 474 codex
300 414 450 474 Ciceronis
466 412 517 493 (de
532 417 592 476 div.
605 416 680 492 Ι48,
696 415 771 494 107)
786 418 939 476 Leidensis
955 418 979 474 B
993 418 1113 477 Baitero
1129 422 1205 478 teste
1222 438 1336 479 romam

192 518 253 559 rem
270 547 276 561 .
295 546 301 559 .
318 519 413 576 emme,
429 504 520 559 ceteri
535 520 648 560 romam
660 519 841 561 remoromme
856 503 1023 560 exhibeant.

275 586 403 644 Herem
419 580 528 665 (erdem
543 587 611 643 Vat.
628 586 716 644 Gellii
732 587 805 644 XIII
822 588 870 658 23,
890 588 937 662 18,
952 588 1071 646 berclem
1087 588 1210 662 reliqui,
1226 589 1334 647 Herem

192 670 339 728 Meursius
355 689 445 728 exerc.
458 673 523 729 crit.
536 671 566 728 ΙΙ
579 672 608 742 3,
621 671 652 746 6)
670 672 701 728 in
717 691 745 729 v.
761 673 819 730 108
832 669 933 746 (112).
957 672 1060 730 dehac
1076 673 1131 730 dea
1145 692 1236 730 unum
1252 693 1333 747 prae·

191 757 272 812 terea
299 758 433 829 superest
451 756 534 814 Festi
559 755 763 814 testimonium
790 750 873 834 (epit.
896 756 981 813 Pauli
1001 775 1029 830 p.
1053 759 1127 829 100,
1150 752 1199 834 2);
1226 758 1334 816 Herem

190 839 339 897 Morteem
361 842 477 912 uallem·
491 845 606 913 accepto
620 841 774 898 hereditate
789 841 931 912 colebam,
953 859 1027 912 qmae
1042 859 1061 899 a
1075 844 1192 900 momim
1207 845 1335 915 appella-

194 924 281 982 batur
294 925 431 981 beredmm
446 929 472 982 et
486 942 545 983 esse
558 942 622 984 000
636 942 670 983 ec
684 925 794 983 Martis
809 926 961 983 comitibus
977 927 1150 998 potabatur,
1181 927 1258 983 unde
1274 927 1334 984 for·

191 1009 269 1065 sitan
302 1008 442 1083 colligere
475 1009 562 1067 liceat
587 1010 763 1068 vetustiores
790 1012 909 1068 tantum
935 1009 1082 1069 Romanos
1108 1011 1219 1069 Herem
1249 1011 1333 1068 deum
1365 1047 1367 1050 -

191 1091 325 1150 coluisse.
370 1111 439 1150 nam
466 1112 647 1169 quamquam
674 1094 801 1151 Romani
834 1094 992 1169 religiones
1018 1095 1183 1169 antiquitus
1210 1096 1334 1154 traditas

191 1176 346 1251 plerasque
361 1182 586 1251 perseveranter
598 1178 776 1248 retinebant,
793 1181 893 1237 tamen
907 1179 1068 1236 multarum
1080 1179 1221 1237 memoria
1233 1183 1335 1254 postea

190 1261 318 1321 evanuit.
363 1261 419 1319 hoc
446 1281 514 1321 vero
544 1282 559 1319 e
585 1263 666 1321 Festi
693 1263 791 1320 verbis
817 1266 955 1338 apparet,
986 1264 1017 1321 in
1042 1263 1179 1322 Enniano
1206 1264 1333 1322 frustulo

189 1345 345 1404 Nem'emem
365 1347 510 1406 Mauortis
529 1352 555 1405 et
574 1348 682 1405 Herem
703 1349 876 1421 genetivum
898 1349 1043 1407 Mavortis
1062 1367 1123 1406 non
1144 1349 1239 1407 solum
1267 1368 1333 1406 oum

76 1496 82 1506 ¹
189 1431 308 1489 nomine
328 1430 484 1489 Nerienem
505 1432 555 1489 sed
578 1432 667 1488 etiam
688 1450 755 1490 cum
777 1433 976 1506 appellatIone
995 1434 1104 1491 Herem
1125 1452 1189 1492 esse
1206 1434 1334 1491 'coniun-

191 1515 333 1589 gendum.
378 1516 486 1574 amoris
513 1517 598 1573 deam
619 1516 693 1573 hano
721 1516 812 1574 fuisse
839 1517 947 1574 collato
972 1517 1048 1575 Osco
1072 1519 1164 1575 berest
1186 1518 1335 1576 Prallerus

193 1596 333 1675 (mythol.
350 1599 436 1659 Rom.
451 1598 482 1657 Ι2
496 1621 525 1675 p.
539 1597 614 1676 343)
631 1600 805 1676 suspicatur.
832 1604 934 1659 contra
950 1600 1113 1660 Corssenus
1129 1601 1177 1674 (de
1192 1605 1334 1676 pronunt.

189 1679 222 1740 1²
245 1703 275 1757 p.
298 1684 372 1760 470)
399 1685 510 1742 Herem
531 1686 681 1743 existimat
707 1685 790 1742 deam
816 1686 989 1744 hereditatis
1017 1689 1047 1743 et
1072 1687 1209 1744 comitem
1232 1686 1335 1744 Martis

191 1767 386 1826 hereditatem
402 1770 525 1828 tuentis.
557 1789 631 1844 quae
647 1770 795 1828 sententia
810 1789 845 1828 eo
861 1771 960 1828 fulciri
976 1771 1108 1842 videtur,
1124 1772 1202 1845 quod
1219 1789 1335 1829 accusa-

190 1853 246 1910 tivi
268 1853 363 1910 forma
384 1854 479 1912 berem
498 1873 552 1928 pro
573 1855 703 1912 heredem
723 1872 784 1911 non
805 1855 892 1928 plane
916 1856 1059 1913 inusitata
1078 1856 1143 1916 fuit.
1184 1856 1335 1912 invenitur

190 1937 271 1994 enim
286 1938 361 1994 illud
376 1939 471 1997 berem
487 1943 516 1996 et
532 1939 563 1996 in
574 1938 680 1996 Naevii
696 1958 782 1997 versu
794 1933 883 2017 (com.
896 1940 935 1997 58
949 1933 1052 2018 Ribb.)
1068 1940 1143 1996 etin
1159 1940 1249 1997 titulo
1265 1941 1334 1996 anni

190 2040 220 2095 p.
236 2020 304 2080 Chr.
322 2041 351 2079 n.
370 2023 429 2080 149
447 2021 552 2099 (Orelli
567 2043 598 2084 n.
614 2021 710 2097 4379)
728 2024 757 2080 in
774 2023 902 2080 formula
915 2025 1011 2083 berem
1024 2041 1086 2082 mom
1099 2026 1237 2096 scqmc'tmr.
1319 2069 1322 2073 -

275 2106 392 2166 Sarra
407 2108 437 2164 in
453 2127 481 2166 v.
501 2108 563 2165 330
578 2105 608 2184 (Ι
621 2107 657 2164 ir.
671 2104 736 2183 56).
759 2108 862 2167 urbem
879 2109 1000 2184 Tyrum,
1017 2108 1063 2166 oui
1078 2109 1157 2182 apud
1172 2109 1334 2167 Phoenices

191 2194 269 2249 esset
297 2210 404 2250 nomen
434 2192 502 2267 Sor,
533 2193 602 2250 inde
631 2193 815 2267 antiquiores
841 2193 968 2251 Romani
994 2193 1119 2252 Sarrum
1144 2193 1334 2268 appellabant

191 2270 233 2353 (v.
250 2274 423 2349 Kiepertum
443 2277 478 2334 de
494 2296 598 2352 geogr.
614 2278 738 2351 antiqua
753 2297 781 2351 p.
801 2279 861 2336 170
877 2277 947 2353 sq.).
977 2278 1028 2352 qui
1044 2297 1113 2336 usus
1129 2278 1174 2334 his
1189 2296 1333 2352 gramma·

191 2360 318 2417 tioorum
345 2361 417 2419 locis
446 2362 669 2435 comprobatur:
696 2361 786 2418 Probi
806 2362 837 2419 in
863 2361 954 2438 Verg.
978 2380 1080 2437 georg.
1100 2361 1130 2418 ΙΙ
1152 2363 1212 2420 506
1236 2362 1335 2436 Τονοο

192 2444 316 2503 Sarrum
330 2447 505 2518 appellatum
520 2447 667 2504 Homerus
681 2447 773 2516 docet,
789 2463 872 2518 quem
887 2449 974 2505 etiem
987 2447 1109 2504 Herem
1122 2449 1253 2518 seqm'tm
1267 2464 1333 2505 amc-

191 2534 295 2601 torem,
318 2548 383 2588 emm
402 2532 471 2590 dicit
484 2531 597 2590 Poemos
611 2531 705 2590 Serre
726 2531 881 2605 00000ος
904 2530 992 2590 Gellii
1013 2531 1085 2589 XIV
1102 2532 1171 2601 6,4
1195 2529 1240 2606 (m
1261 2532 1333 2589 libro

193 2617 333 2686 semrom
349 2612 423 2692 eret)
439 2617 545 2689 qmibms
558 2617 681 2675 orbibus
694 2616 916 2690 reptombmsqme
930 2617 1069 2675 uocabula
1079 2618 1140 2674 iam
1151 2621 1264 2674 merloto
1275 2618 1334 2674 sim

195 2741 226 2756 ..
244 2701 320 2772 qaod
342 2701 434 2773 Ipros
448 2700 543 2759 Serra
559 2741 565 2756 .
583 2743 590 2759 .
607 2706 697 2759 ambe.
716 2743 722 2756 .
738 2702 815 2759 dicta
829 2704 880 2773 sd;
904 2699 998 2758 Servii
1019 2701 1049 2757 in
1072 2699 1159 2774 Verg.
1181 2701 1201 2756 l.
1217 2701 1238 2757 l.
1259 2717 1333 2772 perce

191 2786 271 2842 em'm
285 2802 366 2842 mmm
381 2785 474 2858 Tpros
488 2787 609 2857 dieitur,
625 2786 693 2843 ob'm
707 2784 801 2843 Sarra
815 2786 980 2843 uocabatur.
1010 2784 1122 2842 accedit
1137 2783 1219 2842 Festi
1234 2786 1334 2859 glossa

190 2862 236 2944 (p.
252 2868 322 2938 322,
337 2864 391 2948 23)
406 2868 511 2926 mutila
522 2873 552 2927 et
563 2870 739 2943 depravata:
800 2887 856 2928 mae
870 2887 951 2928 mmmc
961 2868 1069 2942 Hebros
1084 2911 1092 2926 .
1107 2914 1112 2926 .
1127 2913 1133 2925 .
1149 2888 1237 2943 quam
1249 2869 1334 2927 Pauli

192 2946 237 3031 (p.
254 2953 325 3025 323,
340 2949 373 3028 5)
389 2953 458 3011 libri
475 2956 517 3012 sic
531 2954 688 3011 exhibent:
705 2953 799 3012 Serra
813 2955 922 3028 Fmiros
937 2947 1045 3034 (Tyros
1059 2955 1188 3011 editores
1204 2949 1332 3030 veteres)

189 3039 299 3096 bmsmla.
324 3040 448 3112 utroque
464 3040 528 3096 loco
543 3039 668 3097 fortasse
684 3044 723 3097 est
737 3039 829 3113 Tpros
843 3059 895 3113 pro
907 3041 1009 3112 inepto
1021 3040 1129 3110 Hm'ros
1144 3037 1330 3094 scribendum

191 3126 245 3192 est,
263 3125 297 3180 ut
309 3122 390 3179 Festi
407 3123 497 3180 verba
512 3123 554 3181 sic
570 3124 630 3181 fere
645 3124 859 3182 resarciantur:
877 3121 991 3200 <Sarra
1006 3124 1105 3180 rasam
1121 3122 1330 3194 appellabatur,
1438 3125 1442 3131 '

189 3203 286 3284 q>uoe
300 3225 382 3266 mmm
396 3212 437 3265 est
453 3208 554 3282 Tyros.
583 3208 752 3285 exemplum
767 3208 895 3265 nominis
912 3207 1015 3264 Sarrae
1032 3207 1062 3263 in
1077 3206 1208 3280 antiquis
1224 3206 1332 3263 litteris

188 3295 342 3366 praeterea
366 3294 483 3367 repperi
504 3292 630 3350 nullum.
671 3311 740 3349 nam
764 3292 842 3366 quod
865 3291 996 3368 Scaliger
1021 3292 1052 3349 in
1081 3309 1169 3350 versu
1192 3290 1331 3348 Plautino

190 3376 277 3433 Truc.
295 3378 354 3434 539
378 3378 542 3436 coniecerat
562 3395 596 3436 em
615 3376 693 3435 Sara
714 3374 830 3452 (ecerat
845 3373 943 3452 libri),
959 3395 1014 3451 pro
1030 3394 1064 3434 eo
1079 3395 1159 3434 nunc
1173 3375 1281 3433 rectius
1297 3392 1331 3432 ee

187 3458 302 3519 Arabia
316 3461 436 3536 legitur.

274 3547 391 3603 bibam
413 3546 444 3603 in
467 3565 494 3603 v.
514 3547 552 3602 14
568 3540 626 3626 (8).
663 3549 732 3620 post
753 3546 921 3603 Lucretium
944 3546 1034 3603 bibam
1048 3544 1105 3602 nisi
1121 3543 1152 3600 in
1168 3545 1332 3618 composIto

190 3631 317 3688 mibdmm
336 3632 512 3704 usurpatum
533 3648 593 3688 non
616 3631 777 3688 invenitur.
815 3633 885 3688 sunt
900 3632 999 3687 autern
1016 3628 1148 3702 exempla
1163 3628 1225 3686 eius
1241 3629 1331 3685 maxi·

191 3734 269 3771 mam
294 3718 408 3788 partem
431 3714 605 3772 Lucretiana
628 3711 688 3792 (III
704 3716 775 3772 220.
793 3714 863 3771 514.
881 3715 952 3772 518.
970 3715 1040 3772 783.
1057 3715 1127 3772 830.
1145 3715 1215 3772 867.
1234 3714 1329 3790 1087,

190 3799 232 3856 IV
250 3801 321 3857 379.
338 3801 409 3856 515.
428 3800 524 3873 1268;
548 3799 574 3854 V
591 3801 662 3857 358.
681 3793 785 3877 1409).
821 3801 911 3873 atque
932 3799 1040 3873 ubique
1061 3797 1140 3871 apud
1161 3796 1330 3854 Lucretium

190 3885 283 3941 bitrem
295 3885 336 3941 ita
348 3883 525 3941 collocatum
539 3886 592 3953 est,
606 3886 640 3940 ut
651 3883 821 3940 hexameter
832 3900 866 3940 eo
878 3883 1042 3940 claudatur.
1058 3881 1168 3956 pariter
1181 3900 1211 3939 se
1222 3881 1332 3939 habent

191 3968 250 4025 duo
266 3987 368 4026 versus
384 3967 491 4025 Lucilii
508 3967 602 4042 (XXX
619 3968 658 4026 33
675 3971 705 4024 et
719 3968 756 4025 fr.
773 3967 834 4025 815
850 3966 973 4041 Baehr.;
994 3987 1021 4024 v.
1037 3965 1206 4023 JBecherus
1221 3965 1328 4023 Philol.

190 4051 220 4110 ΙΙ
242 4072 272 4126 p.
296 4054 352 4126 373
380 4052 562 4111 Ribbeckius
588 4070 664 4110 corn.
686 4050 809 4126 fragm²
831 4053 924 4126 praef.
947 4071 976 4126 p.
998 4046 1146 4125 CXXXI).
1180 4050 1212 4107 in
1233 4051 1330 4108 medio

189 4137 361 4196 hexametro
377 4137 468 4195 semel
483 4140 529 4196 est
542 4138 599 4196 bibo
620 4136 768 4194 ablativus
783 4137 814 4193 in
830 4137 960 4195 eiusdem
976 4134 1151 4210 fragmentis
1166 4130 1250 4213 (XIV
1268 4131 1332 4211 11).

191 4224 282 4279 otiam
303 4221 410 4280 Plauto
432 4223 524 4280 bibmm
544 4224 574 4279 et
593 4222 651 4280 bilo
672 4221 841 4280 coniectura
860 4220 944 4277 dedit
964 4219 1144 4290 Schoellius,
1167 4219 1216 4292 qui
1238 4219 1330 4277 altero

189 4305 253 4364 loco
267 4303 454 4384 (Trucblb)
463 4308 555 4365 bdmm
563 4308 657 4379 operis
667 4303 772 4384 (operis
780 4308 934 4378 quterram
944 4300 1037 4384 libri),
1045 4305 1138 4362 altero
1147 4298 1329 4382 (Trucbbb)
