3264 5050
688 357 907 416 ..44-

226 551 345 605 causae,
368 550 434 590 oum
457 529 627 589 LMuellero
653 528 743 607 (Ean.
766 551 795 607 p.
812 529 886 605 201)
909 530 971 589 illio
993 549 1110 607 quoque
1125 533 1200 592 indu
1215 531 1373 608 legendum

225 636 288 676 esse
309 616 490 692 putabimus.
527 618 601 676 iuda
622 616 734 675 formae
756 616 1017 692 quaeritasse,
1034 635 1068 675 ex
1084 616 1126 676 ais
1143 636 1218 693 quau
1233 615 1373 676 Neuiusll

225 702 349 778 collegit
364 703 436 761 satie
452 701 641 776 perspicitur.
665 719 735 759 nam
751 699 883 776 exempla
895 701 958 760 eius
971 700 1071 760 omnia
1082 702 1255 762 vetustioris
1267 702 1373 762 aetatis

226 789 306 864 sunt,
321 787 380 845 nisi
397 786 478 862 quod
492 787 684 860 induperator
698 789 728 845 et
741 788 918 860 induperure
934 787 1022 845 etiam
1035 787 1248 862 imperatorum
1261 789 1374 862 tempo·

226 870 336 931 ribusa
347 871 443 947 poetis
456 872 633 931 vetustiores
644 871 830 930 imitantibus
842 871 992 930 interdum
1006 869 1229 947 usurpantur.⁸⁹
1244 875 1374 930 aeterum

225 956 284 1014 iam
307 956 422 1015 Ennius
444 957 474 1014 in
496 956 652 1015 annalibus
673 959 704 1016 et
724 956 946 1032 epigrammatis
968 958 1065 1017 multo
1088 958 1204 1032 saepius
1224 958 1258 1016 ia
1278 957 1375 1015 forma

222 1059 312 1116 quam
334 1041 528 1117 amplioribus
550 1043 637 1114 eaeo,
659 1043 744 1114 iudo,
765 1043 840 1101 indu
855 1036 926 1100 usus
942 1043 1002 1113 est,
1019 1041 1050 1100 in
1065 1041 1176 1101 fabulis
1191 1042 1373 1117 reliquisque

221 1128 368 1200 poematis
384 1127 437 1184 has
449 1145 572 1202 prorsus
586 1128 745 1186 esitavisse
758 1125 886 1187 videtur.
909 1126 988 1185 uude
1000 1126 1203 1203 intellegimus
1215 1126 1273 1184 iam
1283 1125 1374 1185 Ennii

223 1213 319 1270 aetate
335 1212 494 1286 ampliores
513 1211 579 1270 illas
595 1230 683 1271 voees
700 1212 731 1271 in
746 1212 894 1271 communi
910 1230 1045 1272 sermone
1059 1230 1121 1272 non
1136 1212 1228 1272 fuisso
1249 1212 1374 1272 usitatas

224 1294 267 1372 (v.
283 1296 410 1355 Jordani
426 1296 523 1373 symb.
539 1317 568 1374 p.
586 1298 648 1357 260
659 1291 731 1378 sq.).

618 1487 645 1544 7.
670 1483 982 1545 coniunctiones.

310 1589 464 1660 quamde
485 1587 517 1645 in
535 1606 561 1646 v.
578 1587 617 1644 29
635 1581 704 1666 (98)
719 1589 750 1644 et
772 1589 916 1660 quaeue
932 1585 1028 1662 (quaa
1042 1589 1084 1648 dit
1097 1606 1154 1646 aas
1169 1588 1260 1646 codex
1275 1588 1373 1662 Festi3

223 1673 339 1744 quande
359 1677 426 1731 tuus
447 1668 625 1746 Ursinus)⁹⁰
645 1673 675 1730 in
698 1691 724 1730 v.
744 1673 803 1730 139
826 1666 928 1753 (132).
966 1672 1001 1730 de
1023 1672 1111 1731 huius
1132 1673 1297 1747 particulae
1318 1692 1374 1732 usu

226 1757 332 1815 Festus
349 1777 378 1830 p.
396 1757 467 1828 261,
483 1758 503 1813 4
522 1757 575 1829 (of.
590 1757 676 1814 Pauli
692 1776 721 1830 p.
741 1757 811 1828 260,
830 1755 860 1831 1)
878 1757 963 1815 dooet
977 1757 1063 1816 basa:
1079 1759 1203 1829 quamde
1213 1775 1270 1830 pro
1285 1776 1374 1830 quum

227 1859 296 1900 usos
310 1859 369 1901 esse
384 1845 520 1914 antiquos
531 1859 596 1900 oum
606 1843 691 1919 mulli
701 1847 806 1902 aslues
816 1843 977 1901 testimonio
987 1847 1056 1901 aaut
1068 1846 1130 1901 trau
1142 1843 1262 1901 Enniam
1273 1840 1375 1918 (buius

228 1927 335 2001 codex,
359 1944 434 1984 uorr.
458 1925 610 2000 Ursinus).
633 1968 667 1988 ..
689 1926 774 1984 addit
794 1926 900 1985 Festus
921 1927 1062 2001 exemplis
1083 1927 1227 1985 Ennianis
1243 1927 1372 1985 Lucretii

226 2029 344 2069 versum
360 2005 389 2089 (I
403 2005 479 2088 640)
493 2014 522 2069 et
535 2010 606 2068 alibi
620 2007 664 2086 (6.
677 2006 770 2084 35211,
785 2006 818 2090 9)
830 2011 938 2070 Naevii
948 2012 997 2070 vel
1009 2012 1108 2086 potius
1119 2011 1197 2069 Livii
1210 2011 1374 2070 Andronici

224 2091 277 2172 (of.
299 2093 387 2154 Hom.
410 2094 467 2154 Od.
489 2096 602 2169 01383
625 2115 653 2154 v.
670 2093 834 2154 Hermanni
855 2096 891 2153 el.
915 2096 1011 2153 doctr.
1033 2097 1120 2154 metr.
1138 2114 1168 2170 p.
1185 2089 1262 2176 623)
1282 2096 1374 2154 verba

226 2181 349 2252 quamde
375 2197 609 2251 muraenarum,
635 2199 711 2256 quae
731 2178 931 2238 Buechelerus
952 2175 1035 2256 (ann.
1058 2179 1131 2255 phil.
1150 2181 1231 2239 1863
1252 2200 1282 2255 p.
1297 2179 1372 2254 332)

228 2283 332 2324 versus
345 2264 478 2323 Saturnii
493 2265 613 2323 initium
629 2265 750 2323 iudioat.
773 2283 860 2340 porro
876 2283 931 2339 pro
947 2264 1038 2323 dubio
1050 2264 1156 2324 Naevii
1169 2283 1272 2324 versus
1285 2262 1328 2342 (b.
1340 2265 1372 2328 P.

227 2350 245 2406 3
262 2344 317 2427 M.)
338 2349 424 2408 initio
440 2354 597 2422 postquam
617 2367 685 2410 aves
704 2352 816 2422 espault
836 2349 1044 2408 Fleckeisenus
1067 2348 1162 2422 (miso.
1186 2349 1250 2411 orit.
1273 2370 1301 2425 p.
1317 2347 1371 2422 21)

218 2434 409 2508 postquamde
426 2433 494 2493 aoe's
512 2433 623 2508 aspexit
638 2434 834 2509 probabiliter
849 2434 979 2507 scripsit.
1003 2433 1131 2509 denique
1147 2434 1178 2492 in
1194 2435 1278 2494 Aonii
1294 2435 1372 2508 frag·

224 2521 326 2576 mento
350 2513 492 2599 (26711.)
516 2518 642 2577 Botbius
664 2523 696 2577 et
717 2519 747 2576 in
770 2519 887 2578 duobus
902 2518 1003 2576 Plauti
1025 2518 1159 2578 versibus
1181 2514 1282 2596 (True.
1300 2520 1371 2578 627.

224 2603 333 2661 Pseud.
354 2597 428 2683 140)
444 2604 523 2661 idem
539 2606 570 2662 et
584 2602 730 2680 Bergkius
747 2599 857 2678 (opuso.
873 2603 888 2661 I
904 2623 933 2678 p.
952 2604 1012 2661 134
1023 2605 1109 2684 ann.)
1124 2622 1213 2677 quum
1228 2605 1372 2662 traditum

216 2689 254 2745 iu
270 2690 394 2761 quamde
409 2691 609 2748 mutaverunt.

292 2957 314 2990 ⁶⁸
333 2957 401 3008 adde
415 2955 547 3006 Catonern
561 2956 634 3021 apud
648 2957 766 3007 Nonium
779 2973 806 3021 p.
823 2957 879 3017 162,
893 2958 926 3005 20
938 2957 999 3006 indu
1012 2973 1087 3006 naues
1100 2953 1170 3022 (inde
1183 2959 1280 3018 {quaeis
1294 2957 1369 3018 libri;

224 3040 293 3080 corr.
318 3023 465 3088 Scaliger);
495 3024 579 3088 gloss.
608 3025 681 3090 apud
705 3023 830 3074 Hildebr.
849 3040 881 3088 ι6,
906 3025 953 3073 172
976 3024 1024 3085 (cf.
1049 3041 1075 3088 p.
1095 3025 1154 3086 178)
1178 3031 1206 3074 et
1228 3026 1371 3075 Loewium

224 3093 313 3158 prodr,
337 3110 364 3158 p.
386 3096 444 3144 344.
475 3093 557 3158 gloss.
581 3108 651 3145 nom.
680 3109 704 3157 p.
731 3094 778 3143 186
806 3093 961 3156 indupedut,
990 3094 1095 3156 impedit
1124 3108 1157 3142 ax
1186 3093 1371 3157 compluribus

225 3161 379 3222 oodioibae;
400 3161 472 3210 alias
491 3175 597 3225 quoque
615 3160 721 3225 glossas
740 3161 865 3210 Laeuius
885 3158 981 3222 (gloss.
999 3176 1070 3211 nom.
1088 3159 1106 3211 l.
1125 3160 1155 3222 1.)
1175 3163 1291 3224 praebet
1308 3176 1370 3225 per-

223 3230 310 3278 multa
328 3230 356 3278 in
377 3229 519 3292 glossariis
537 3230 629 3277 inesse
648 3227 798 3278 affirmans.
868 3228 890 3260 81
904 3232 985 3291 poeta
999 3228 1070 3292 apud
1084 3228 1221 3292 Hyginum
1236 3229 1293 3282 fab.
1306 3232 1370 3288 221;

223 3297 319 3348 Iuven.
342 3300 372 3358 4,
392 3299 433 3349 29,
459 3301 503 3358 10,
526 3298 586 3352 138,
611 3295 672 3358 alii;
697 3296 733 3345 of.
752 3294 926 3346 LMuellerus
947 3295 980 3344 de
1000 3311 1029 3344 re
1048 3299 1124 3344 metr.
1143 3312 1169 3359 p.
1182 3297 1233 3346 393
1247 3309 1287 3359 sq.

223 3363 246 3395 ⁹⁰
264 3380 289 3413 v.
305 3363 487 3413 Ribbeekium
506 3364 538 3413 de
558 3368 629 3428 part.
646 3365 711 3414 Lat.
729 3380 755 3428 p.
773 3365 798 3414 4.
817 3362 932 3428 Bergkii
951 3378 1045 3428 opusc.
1064 3363 1077 3411 I
1096 3379 1113 3427 p
1134 3366 1174 3414 16.
1205 3362 1370 3415 Corssenum

225 3431 259 3482 de
277 3436 405 3497 pronunt
425 3431 468 3481 11²
487 3448 515 3497 p.
533 3432 594 3491 8553
615 3431 700 3493 symb.
722 3447 747 3496 p.
767 3433 826 3481 498.
