3000 4868
642 262 860 319 -32.-

182 436 342 494 Turturiuo
360 453 425 493 curu
440 436 512 494 611411
527 435 657 505 Erucius,
672 435 814 495 borreudo
829 440 854 494 61
868 437 991 495 terribili
1013 434 1132 495 Verrius
1146 437 1206 494 rull
1221 438 1324 510 accipi,

180 540 199 580 u
216 521 356 591 Tartaro,
373 521 424 592 qui
438 520 515 579 16643
530 521 611 592 apud
625 520 746 591 iuferos.

263 609 451 665 oraceutes
471 606 501 662 in
521 625 546 664 v.
563 606 623 663 497
640 600 732 682 (540)
749 623 803 678 pro
817 606 947 680 praediea.
975 626 1003 666 v.
1020 604 1199 664 Corssonum
1215 606 1236 662 l.
1252 605 1273 660 l.
1289 603 1322 661 1²

178 710 205 764 p.
223 692 294 749 795.
325 709 381 749 vox
403 694 546 748 cruceutcs
567 686 703 765 glossis⁰⁶
725 693 842 748 tantum
864 692 980 749 servata
996 690 1124 764 priscam
1142 693 1323 748 vetustatem

179 775 247 835 olet.
291 794 306 834 c
332 775 461 833 litteram
488 776 519 832 in
545 794 579 832 ea
605 774 811 848 antiquissima
833 775 1046 833 consuetudine
1067 794 1121 849 pro
1139 794 1160 849 q
1181 775 1323 849 scriptam

177 861 365 936 agnoscimus
384 858 595 936 (6111136661ἰί
611 878 709 934 opusc.
725 858 755 916 ΙΙ
770 878 799 934 q.
815 854 904 939 424).

606 1014 633 1070 3.
658 1011 895 1070 Pronomina.

260 1130 311 1172 rue
326 1113 356 1170 in
370 1134 397 1172 v.
414 1113 473 1170 128
486 1109 578 1193 (126)
593 1133 645 1187 pro
656 1114 737 1175 mibi.
762 1133 898 1189 magnam
912 1115 1129 1172 dubitationem
1142 1114 1214 1172 viris
1227 1115 1323 1174 doctis

178 1200 272 1257 movit
298 1198 378 1256 Festi
403 1198 503 1273 glossa
529 1219 556 1273 p.
578 1200 702 1269 161³,6
729 1217 775 1257 me
794 1217 851 1271 pro
876 1200 949 1258 uribi
974 1201 1106 1258 dicebant
1133 1201 1263 1272 antiqui,
1289 1205 1323 1258 ut

177 1285 315 1342 Euuius:
337 1286 364 1342 si
384 1284 455 1356 quid
469 1285 598 1342 mutierit
614 1280 671 1358 (rue
687 1283 779 1354 fuerit
794 1284 889 1359 vulg.;
913 1303 957 1343 ure
972 1285 1107 1344 inciderit
1120 1279 1322 1364 LMucllerus)

177 1370 364 1445 tunicatus,
379 1370 560 1439 utbaurans,
577 1373 603 1427 61
617 1368 768 1427 Lucilius:
785 1387 866 1429 4446
880 1370 920 1428 661
934 1375 959 1428 16
974 1371 1065 1441 redeo,
1081 1373 1113 1428 ut
1129 1387 1202 1441 quac
1216 1387 1263 1427 res
1277 1387 1322 1427 mc

176 1455 320 1526 impendet
341 1457 456 1526 egetur.
487 1471 555 1510 nam
579 1453 657 1526 apud
674 1452 822 1510 Lucilium
837 1472 882 1512 uu
896 1455 1083 1513 accusativus
1100 1458 1159 1525 est,
1181 1453 1212 1510 in
1228 1453 1320 1512 Ennii

175 1557 262 1597 versu
279 1537 427 1595 ablativus
444 1537 565 1613 vulgata
579 1537 707 1595 lectione
722 1543 849 1613 accepta.
879 1538 1030 1597 Vahlenus
1047 1539 1140 1613 igitur
1155 1541 1185 1596 et
1200 1537 1319 1596 611661-

177 1623 257 1682 lerus
281 1621 399 1698 (comm.
415 1641 443 1696 p.
463 1617 537 1701 181)
558 1622 594 1680 de
615 1641 671 1680 usu
692 1623 855 1698 syntectico
877 1624 1001 1682 aFesto
1017 1623 1066 1699 agi
1081 1626 1206 1696 putant,
1228 1623 1271 1679 ita
1287 1626 1321 1680 ut

176 1726 222 1767 ure
242 1708 304 1766 sive
326 1708 512 1766 accusativus
533 1708 595 1766 sive
617 1707 764 1766 ablativus
786 1727 840 1782 pro
863 1709 963 1767 dativo
983 1709 1099 1782 positus
1113 1726 1177 1765 esse
1193 1707 1320 1766 dicatur.

177 1793 257 1867 qnod
279 1812 339 1851 non
354 1793 484 1850 adducor
500 1794 534 1850 ut
549 1792 680 1864 credam,
702 1793 772 1867 quia
788 1794 983 1868 grammatico
999 1793 1072 1850 illud
1089 1791 1257 1850 accuratius
1272 1792 1320 1849 de·

177 1878 340 1935 finiendum
357 1881 431 1935 erat.
460 1878 551 1934 immo
566 1894 611 1935 me
627 1876 760 1934 dativum
776 1895 831 1950 pro
846 1878 919 1936 mibi
930 1879 978 1937 vel
989 1880 1031 1936 rui
1043 1877 1079 1935 ab
1092 1877 1223 1951 antiquis
1234 1896 1320 1936 usur·

178 1967 285 2036 patum
300 1961 405 2020 Festus
421 1964 561 2020 testatur.
592 1965 622 2018 et
638 1980 815 2036 quamquam
832 1980 936 2035 parum
952 1966 1023 2037 apta
1037 1962 1172 2037 exempla
1186 1961 1236 2018 ille
1254 1962 1319 2036 qui-

176 2045 244 2105 dem
261 2046 365 2121 elegit,
383 2049 483 2104 tamen
499 2046 556 2104 alia
571 2049 675 2104 extant
690 2047 732 2104 ita
746 2050 928 2121 comparata,
951 2050 985 2104 ut
1000 2066 1046 2105 res
1061 2048 1126 2121 ipsa
1142 2045 1245 2122 negari
1259 2065 1320 2105 non

176 2132 280 2206 possit.
310 2132 424 2189 Neuius
440 2132 460 2189 1.
477 2129 561 2189 1.11²
577 2151 606 2205 p.
626 2131 684 2188 181
707 2134 850 2206 quattuor
871 2132 1016 2191 eiusmodi
1036 2133 1116 2190 locos
1132 2131 1262 2206 profert,
1285 2150 1322 2189 ex

175 2216 283 2291 quihus
299 2217 358 2274 duo
375 2220 445 2274 sunt
460 2216 599 2274 Plautini.
631 2216 741 2274 etenim
756 2216 859 2276 Bacch.
873 2219 933 2276 565
946 2235 991 2276 rue
1002 2219 1059 2276 ires
1071 2217 1234 2276 cousullum
1246 2218 1322 2275 mule

175 2305 207 2358 et
229 2301 289 2358 ihd.
313 2302 374 2359 684
394 2302 495 2359 huuc.
515 2302 612 2359 ,46616
632 2319 677 2359 rue
700 2303 877 2360 cousuluisse
898 2320 999 2360 omnes
1020 2302 1090 2359 libri
1111 2302 1235 2371 habent,
1263 2300 1323 2358 nisi

175 2386 254 2460 quod
275 2386 437 2459 posteriore
459 2387 523 2443 loco
545 2387 575 2443 in
598 2385 696 2443 codice
716 2385 741 2442 B
763 2405 927 2461 pronomen
944 2386 1137 2444 desideratur.
1168 2385 1274 2443 deinde
1290 2385 1320 2443 in

176 2471 303 2528 formula
318 2470 379 2548 1116,
396 2489 455 2544 qua
470 2488 597 2545 augures
613 2471 644 2527 in
660 2471 771 2544 templo
788 2471 922 2529 iaciendo
938 2471 1099 2529 utebantur
1114 2469 1271 2546 (Varronis
1285 2471 1321 2528 de

176 2557 196 2612 1.
206 2556 241 2613 L.
254 2554 313 2612 Vll
326 2549 370 2634 8),
387 2555 497 2613 tradita
512 2555 603 2613 verba
616 2557 684 2613 item
699 2559 824 2628 testaque
838 2574 883 2614 uu
899 2558 941 2616 itu
953 2561 1039 2615 34416
1051 2557 1087 2614 ab
1100 2553 1266 2614 editoribus
1280 2555 1323 2613 sic

175 2640 368 2698 exhibentur:
391 2641 496 2712 temple
517 2645 647 2712 lescuque
667 2658 711 2699 rue
731 2642 774 2698 iia
790 2646 886 2700 cuuto.
918 2641 1046 2715 deniquo
1062 2640 1140 2714 apud
1158 2638 1322 2697 Varronem

176 2745 275 2782 reram
295 2728 368 2782 rust.
390 2724 436 2782 111
459 2727 507 2796 16,
525 2726 542 2780 2
572 2726 724 2784 hereditate
740 2743 794 2792 ι466
815 2743 894 2784 cessa
914 2725 1050 2800 legimus.
1093 2725 1171 2799 quod
1193 2741 1263 2783 vero
1285 2743 1321 2782 ex

176 2809 296 2868 Catullo
312 2810 411 2882 37,11
429 2827 474 2867 uae
489 2809 623 2868 dativum
635 2809 748 2867 Neuius
764 2809 860 2884 affert,
877 2810 1007 2868 alienum
1022 2809 1059 2867 ab
1075 2810 1129 2868 hac
1144 2808 1320 2883 quaestione

176 2894 290 2966 indico,
313 2912 377 2951 curn
399 2894 461 2952 11116
481 2894 558 2952 31661
578 2894 655 2968 apud
677 2894 802 2952 eundem
820 2896 869 2970 77,
886 2896 904 2952 3
923 2913 990 2952 cum
1007 2894 1161 2953 Schwabio
1176 2894 1321 2952 41613661-

174 2979 306 3037 bendum
321 2997 383 3037 esse
396 2978 542 3037 videatur.
573 2979 624 3037 sed
639 2978 783 3037 nonnulla
798 2979 856 3037 alia
870 2981 998 3054 repperi,
1015 2999 1090 3055 quae
1102 2978 1162 3036 illis
1175 2981 1320 3052 quattuor

175 3065 316 3138 exemplis
338 3064 454 3122 addam.
491 3064 590 3121 Plauti
610 3064 698 3122 Truc.
720 3084 747 3123 v.
766 3065 827 3122 914
849 3083 904 3138 pro
925 3066 967 3123 rui
989 3063 1075 3122 BGD
1097 3081 1156 3138 me,
1177 3063 1231 3120 ΒΖ
1254 3080 1319 3122 mea

175 3149 316 3206 exhibent
332 3151 361 3206 et
376 3148 458 3206 'I'rin
475 3168 502 3207 v.
516 3150 555 3206 53
572 3148 795 3207 Studamnndus
809 3150 841 3207 in
856 3149 955 3208 codice
970 3148 1168 3208 Ambrosiano
1183 3147 1274 3222 legit:
1291 3149 1319 3206 si

176 3235 247 3306 quid
260 3251 305 3291 416
319 3234 417 3291 maliet
433 3229 472 3307 (si
487 3234 557 3305 quid
567 3235 609 3291 uri
619 3234 717 3292 ruulist
728 3233 907 3292 Ritschelius
921 3227 1017 3313 legit).
1041 3232 1146 3291 deinde
1158 3233 1189 3290 in
1199 3232 1318 3290 Afranii

175 3338 263 3376 versu
280 3315 367 3396 (com.
386 3318 447 3375 268
464 3316 511 3391 R.)
529 3318 580 3374 661
597 3336 650 3391 pro
665 3319 749 3376 44116
764 3320 838 3376 14631
847 3320 967 3390 perolio
982 3317 1162 3376 Ribbeckius
1176 3318 1260 3375 44116
1277 3319 1320 3375 mi

175 3408 216 3462 631
232 3404 350 3478 paratio
370 3403 518 3478 restituit,
539 3402 666 3460 fortasse
683 3403 766 3461 uuile
781 3407 852 3461 uest
861 3404 980 3476 paratio
996 3402 1183 3462 scribendum
1200 3404 1253 3459 631.
1287 3420 1321 3460 66

176 3489 313 3546 similiter
331 3488 361 3544 in
377 3486 520 3546 Varronis
537 3492 703 3545 saturarum
722 3488 889 3563 fragmento
906 3487 947 3562 (p.
964 3489 1034 3559 204,
1052 3487 1072 3543 4
1087 3487 1123 3545 R.
1139 3486 1174 3543 sr.
1192 3486 1256 3544 440
1271 3485 1321 3558 Β.)

176 3591 219 3643 66,
237 3572 314 3646 quod
331 3573 361 3628 in
376 3572 467 3629 Nonii
484 3568 526 3648 (p.
539 3574 608 3644 190,
619 3572 673 3648 28)
686 3572 783 3630 codice
796 3572 956 3631 Harleiano
968 3590 1057 3629 manu
1069 3572 1164 3645 prima
1175 3570 1320 3644 scriptum

174 3650 222 3715 'est
241 3657 337 3716 ueedeo
356 3661 428 3715 ueest
442 3674 514 3729 opus
531 3652 651 3732 (medico
666 3659 707 3716 uri
722 3663 763 3716 631
777 3675 850 3730 opus
865 3677 903 3715 m.
920 3651 1008 3734 366),
1025 3675 1094 3714 vcra
1109 3656 1197 3713 lectio
1212 3656 1321 3716 medico

175 3747 246 3802 44631
266 3759 338 3816 opus
359 3741 483 3800 indicari
506 3742 633 3800 videtur.
664 3742 784 3799 maximi
800 3760 869 3799 vero
884 3741 1028 3799 momenti
1044 3759 1107 3800 esse
1123 3759 1157 3798 ca
1172 3740 1319 3810 existimo,

176 3846 251 3901 quac
267 3828 370 3886 insunt
384 3826 416 3884 in
429 3826 845 3897 166661611166616311331166,
863 3827 944 3885 cuius
956 3845 1047 3900 supra
1059 3825 1239 3883 mentionem
1253 3823 1321 3883 feei.

175 3913 218 3969 ihi
240 3913 317 3971 enim
340 3929 400 3969 non
418 3911 508 3969 semel
524 3912 575 3968 sed
592 3916 638 3969 ter
653 3912 785 3969 dativum
801 3929 845 3970 416
861 3910 1052 3985 deprehendi.
1081 3928 1150 3966 nam
1167 3910 1256 3967 verba
1273 3908 1322 3966 de·

176 4000 302 4070 provata
316 3997 454 4069 templum
469 4000 572 4055 iectura
588 4013 671 4067 queue
686 3995 769 4066 festo,
787 4015 861 4071 quae
877 3996 923 4053 his
940 3997 972 4053 in
987 3994 1128 4051 membris
1143 3993 1320 4068 aequalibus

175 4081 251 4139 liber
271 4081 463 4139 Florentinns
490 4080 592 4152 habet,
621 4080 751 4138 Turnehi
777 4083 900 4139 invento
927 4086 1090 4152 tescumque
1110 4081 1232 4151 accepto
1256 4079 1321 4136 sine

176 4167 266 4225 dubio
288 4167 329 4224 sic
346 4166 477 4223 sananda
492 4169 578 4224 sunt:
600 4167 738 4237 reupluu
752 4170 914 4238 tescumque
928 4182 973 4223 rue
988 4168 1054 4223 esto.
1091 4163 1234 4221 facillima
1250 4180 1321 4221 sana

244 4350 266 4380 ⁶⁶
284 4348 419 4400 collectae
439 4349 604 4399 exhibentur
621 4350 650 4398 in
669 4348 852 4398 Hildebrandi
870 4347 954 4411 gloss.
971 4363 997 4412 p.
1015 4348 1062 4408 823
1082 4345 1118 4398 ci.
1136 4361 1161 4409 p.
1183 4346 1240 4395 157.
