3000 4868
641 246 862 343 431-

180 477 210 531 p.
228 457 299 529 264,
318 457 354 513 14
378 458 510 530 quamuis
530 461 606 515 noter
624 458 711 514 etiam
732 457 871 530 anaiopia
891 458 990 530 eripit,
1012 461 1044 514 ut
1065 459 1133 515 tene
1147 459 1185 515 sit
1200 459 1324 528 dietum·

119 545 120 548 ’
181 540 311 600 Aesius.
331 561 404 615 ,555
425 547 520 614 aetus,
543 543 619 614 qnod
640 539 735 614 Capro
750 559 861 617 quoque
872 543 1096 614 prudentissime
1111 544 1237 613 uidetur,
1259 561 1323 600 oum

181 630 396 700 comparativus
416 629 537 686 veterior
557 631 583 684 et
596 627 791 699 superlativus
805 629 974 687 ueterrimas
988 631 1062 685 oetor
1077 627 1235 685 desiderent
1249 629 1324 700 posi-

180 713 284 782 tioum;
301 711 345 768 III
358 732 386 786 p.
398 713 517 782 481,11
532 713 730 784 antiquissimi
744 716 821 770 aeter
832 712 978 789 dieetant3
1000 711 1169 770 Aldhelmus
1182 711 1209 767 V
1221 731 1250 785 p.
1263 714 1322 770 577

181 796 240 853 Mai
263 798 460 869 antiquissimi
480 814 541 854 non
561 801 641 855 aetus
658 797 708 855 sed
722 801 811 871 aeter,
832 801 866 855 ut
880 797 1001 855 Ennius
1018 839 1024 853 .
1042 840 1049 854 .
1068 792 1103 853 .⁶⁴
1132 799 1245 855 eertum
1261 798 1324 855 eius

180 880 292 938 formae
305 881 384 938 aliud
397 882 565 954 exemplum
578 899 637 939 nou
650 888 794 955 superest.
818 900 887 938 uum
899 881 984 938 valde
997 881 1086 938 dubia
1099 883 1145 939 551
1156 881 1325 939 5551551555

181 964 338 1039 Scaligeri,
360 967 411 1039 qui
433 966 464 1023 in
485 985 628 1042 augurum
650 965 780 1022 formula
801 965 880 1038 apud
903 965 1067 1022 Varronem
1088 966 1123 1022 de
1142 965 1162 1022 l.
1178 965 1213 1022 L.
1229 964 1323 1022 Vns

180 1049 226 1107 bis
249 1051 305 1108 oiiu
322 1055 397 1108 aeter
412 1069 467 1123 pro
482 1051 593 1110 uitater
608 1053 638 1108 et
653 1051 764 1108 oilaner
779 1049 886 1108 oodiois
903 1049 1067 1107 1155551151
1083 1050 1238 1124 5551515515
1254 1050 1323 1108 555-

180 1134 280 1192 stituit
295 1127 337 1213 (5.
354 1135 476 1209 Bergkii
491 1154 593 1209 opusc.
610 1134 683 1209 Hp.
701 1136 778 1208 737;
798 1134 894 1209 symb.
912 1134 977 1192 orit.
994 1154 1022 1207 p.
1040 1135 1079 1189 22
1095 1152 1180 1210 aun.3
1197 1133 1323 1192 Jordani

181 1219 277 1293 symb.
300 1238 329 1293 p.
346 1218 414 1295 95).
450 1221 529 1294 quod
550 1218 753 1294 LSpengelius
774 1219 859 1276 Varr.
881 1219 917 1275 de
932 1219 951 1276 1.
969 1218 1002 1279 L.
1019 1216 1097 1274 712
1120 1237 1173 1292 555
1195 1237 1215 1277 o
1233 1224 1324 1277 uetere

181 1303 307 1362 coniecit
322 1322 341 1362 a
355 1308 430 1362 oeter
444 1309 534 1375 notus,
551 1303 711 1378 aBergkio
729 1303 836 1378 (symb.
853 1303 873 1363 1.
890 1298 927 1383 l.)
942 1303 1049 1361 merito
1065 1303 1224 1359 refutatur.

265 1389 363 1446 debit
382 1389 414 1445 in
436 1409 461 1446 v.
481 1390 541 1446 329
557 1383 647 1465 (341)
665 1406 719 1462 555
735 1389 843 1446 debilis.
873 1386 964 1446 Nouii
979 1407 1008 1462 p.
1025 1389 1074 1462 95,
1092 1389 1133 1445 30
1146 1386 1216 1445 libri
1232 1388 1324 1445 Ennii

183 1473 348 1547 exemplum
372 1474 413 1531 sie
434 1472 588 1530 exhibent:
613 1474 718 1543 debile,
740 1474 856 1542 aeonis·
882 1473 1003 1531 Ennius
1024 1473 1071 1532 iio.
1095 1471 1213 1530 VIIII:
1233 1473 1323 1531 debito

182 1558 274 1615 tomo.
305 1576 394 1631 quam
415 1557 573 1616 lectionem
593 1556 710 1634 Hugius
726 1557 785 1632 (ed.
801 1578 830 1631 p.
849 1554 904 1635 33)
921 1576 989 1615 voce
1006 1557 1158 1615 Luciliaua
1172 1552 1217 1634 (ΙΙ
1234 1560 1250 1613 1
1268 1552 1323 1637 Μ.)

181 1644 302 1715 impuno
319 1642 427 1700 eollata
443 1642 586 1700 defendit.
618 1642 668 1699 sed
682 1641 829 1700 Columna
846 1640 887 1715 (5.
903 1639 977 1717 150)
991 1645 1021 1698 51
1032 1640 1150 1717 Lipsius
1166 1641 1241 1716 (ant.
1255 1643 1322 1700 1551.

179 1725 221 1784 IV
237 1726 278 1801 5),
298 1745 372 1800 quos
387 1726 565 1784 Ritsohelius
581 1728 694 1800 (55555.
706 1725 736 1783 ll
749 1746 778 1800 p.
789 1721 874 1804 331),
890 1725 1036 1800 Bergkius
1051 1723 1322 1800 (5555515279),

181 1810 368 1868 LMuellerus
389 1807 507 1889 (comm.
530 1830 559 1884 p.
578 1809 651 1885 194)
672 1814 826 1885 55555155,
849 1811 940 1869 debito
961 1810 991 1867 in
1007 1810 1082 1868 debit
1095 1814 1212 1869 mutant
1227 1811 1324 1869 simile

183 1896 362 1955 vocabulum
377 1895 474 1966 famul
488 1895 605 1970 aliaque
620 1896 651 1952 in
666 1896 916 1969 comparutionem
933 1897 1081 1952 55555155.

265 1999 350 2040 5555
364 1980 539 2038 femininum
556 1983 586 2038 in
603 2001 632 2037 v.
650 1981 710 2039 406
729 1975 818 2057 (471)
835 1999 889 2054 555
905 1976 1020 2038 55515.65
1401 2053 1402 2058 ¹

261 2066 401 2137 paluda
416 2066 448 2123 in
463 2085 491 2122 v.
505 2067 567 2124 510
579 2059 677 2143 (597).
700 2065 790 2122 Ennii
807 2083 909 2122 versus
924 2064 1003 2138 apud
1019 2062 1184 2122 Varronem
1202 2064 1237 2122 de
1251 2065 1272 2121 l.
1286 2065 1321 2122 L.

180 2148 239 2206 VII
251 2151 290 2207 37
303 2149 344 2207 515
356 2152 621 2208 commemoratur:
634 2167 749 2222 corpore
761 2150 920 2208 Tartarino
926 2153 1074 2223 propriata
1080 2150 1194 2220 paiuda
1203 2151 1321 2224 eirapo;

181 2235 341 2294 Tartarino
357 2252 375 2293 u
392 2234 517 2293 Tartaro
534 2278 540 2292 .
560 2278 565 2290 .
578 2233 693 2307 paluda
709 2253 728 2293 a
737 2235 967 2307 paludamentis,
984 2252 1051 2291 oum
1067 2232 1156 2290 Probi
1174 2231 1217 2309 (15
1229 2233 1322 2308 Verg.

179 2320 244 2376 555.
262 2321 289 2391 6,
308 2318 360 2394 31)
383 2319 451 2377 libri
473 2318 616 2377 habeant:
638 2337 758 2393 corpora
774 2320 915 2378 Tartareo
930 2322 1078 2392 propnata
1089 2319 1198 2390 palude
1210 2321 1320 2392 airapo.

181 2402 335 2462 Turnebus
356 2403 542 2478 Vossiusque
564 2403 650 2480 (1551.
674 2407 748 2465 orat.
769 2403 811 2460 IV
830 2406 878 2479 10,
895 2402 929 2479 3)
953 2403 987 2460 de
1010 2403 1144 2461 Minerva
1166 2404 1221 2461 dea
1242 2404 1321 2478 eogi-

180 2489 276 2547 tautes
295 2508 329 2546 ex
344 2487 442 2546 Probo
452 2489 562 2561 palude
578 2493 817 2564 assumpserunt,
839 2491 873 2546 ut
888 2488 1025 2562 paludem
1041 2488 1138 2545 laeum
1154 2487 1321 2545 Tritouium

179 2571 399 2648 intellegerent.
429 2591 504 2648 quae
527 2573 627 2648 opinio
643 2573 720 2630 haud
736 2572 900 2647 probabilis
915 2576 975 2642 est,
993 2573 1062 2647 quia
1077 2571 1221 2630 Varronis
1237 2573 1321 2631 testi·
1415 2645 1417 2648 Ι

178 2658 310 2715 monium
322 2659 422 2716 obstat
432 2677 466 2716 55
478 2659 567 2716 55555
577 2657 667 2715 Ennii
680 2658 716 2715 ad
727 2657 889 2716 Minervam
904 2656 1024 2714 minime
1038 2656 1197 2731 quadrant.
1220 2657 1320 2730 potius

179 2741 330 2816 Scaligero
348 2741 407 2817 (ap.
424 2742 599 2802 Columnam
616 2762 644 2817 p.
663 2741 737 2816 201)
753 2742 907 2816 555551155,
928 2741 975 2800 551
991 2741 1095 2800 Aleoto
1110 2742 1187 2798 furia
1202 2761 1219 2799 5
1233 2745 1322 2816 55515

179 2826 330 2900 designari
348 2827 474 2885 videtur.
505 2831 572 2902 5515
587 2828 666 2885 enim
682 2827 746 2884 dire
760 2828 812 2885 1115
828 2828 880 2884 dea
896 2827 1064 2902 appellatur
1080 2827 1182 2901 virago
1198 2845 1321 2900 5555555

179 2910 339 2968 Tarturino
360 2914 521 2985 prognata,
544 2913 579 2968 de
602 2931 660 2984 qua
674 2911 825 2986 Vergilius
847 2912 919 2969 dicit
938 2913 1019 2986 oirpo
1039 2915 1104 2969 sata
1126 2911 1216 2970 Noeta
1232 2906 1320 2985 (Aen.

178 2994 239 3051 VII
255 2989 310 3074 33)
331 3000 361 3053 51
380 2993 496 3069 Coeptia
510 2997 591 3070 oirpo
607 2996 649 3072 (ν.
666 2994 742 3074 479)
759 3003 789 3053 51
804 2997 863 3055 odit
878 3000 903 3054 51
918 2998 979 3070 1555
989 3000 1075 3068 55155
1090 2995 1217 3067 Pluton,
1239 2998 1322 3054 odere

177 3098 289 3139 sorores
306 3080 465 3140 Tartareae
483 3085 645 3138 monstrum
661 3074 702 3157 (5.
720 3081 780 3138 327
797 3079 866 3159 sq.)
891 3081 1006 3153 paluda
1022 3084 1128 3154 autem,
1147 3080 1226 3154 quod
1243 3080 1321 3136 idem

179 3184 243 3224 esse
259 3184 292 3223 ae
297 3166 445 3239 paludato
456 3165 552 3223 Varro
565 3165 646 3225 solus
658 3165 751 3236 docet,
768 3167 880 3239 optime
892 3165 1030 3223 55555511
1044 3166 1123 3236 deae,
1141 3183 1229 3239 quam
1242 3163 1321 3222 55115

179 3251 255 3308 51555
270 3250 421 3326 Vergilius
438 3251 553 3326 saepius
569 3245 612 3330 (v.
629 3252 701 3308 335.
718 3250 790 3308 455.
807 3247 883 3328 482)
901 3249 1039 3307 affirmat.

263 3336 516 3394 celerissimus
537 3336 736 3410 superlativus
757 3337 788 3393 in
810 3355 838 3393 5.
855 3335 916 3394 448
933 3334 1023 3411 (505)
1041 3336 1147 3392 51579
1166 3331 1272 3412 (504);
1294 3354 1320 3392 5.

178 3419 308 3477 Nouium
324 3421 343 3481 l.
360 3421 380 3477 l.
397 3439 426 3493 p.
446 3421 515 3479 104.

262 3506 381 3564 netem
402 3505 479 3562 libro
500 3503 572 3561 XVI
592 3504 627 3563 fr.
645 3504 683 3561 23
707 3499 756 3581 (15.
775 3502 828 3579 35)
845 3523 899 3579 555
914 3505 1052 3580 1555515155
1075 3524 1102 3562 5.
1120 3503 1246 3560 eundem
1262 3503 1282 3564 l.
1298 3503 1320 3561 l.

177 3609 205 3662 p.
222 3588 278 3662 403
296 3587 473 3647 Corsseuum
490 3589 526 3648 de
541 3590 683 3662 promunt.
699 3584 746 3645 11²
761 3609 790 3663 p.
808 3589 868 3646 538
885 3607 952 3645 555.

259 3675 436 3746 55555155
451 3674 482 3730 15
498 3695 526 3732 5.
544 3675 603 3732 391
621 3670 709 3751 (422)
725 3692 778 3748 555
790 3675 962 3747 5555515115;
979 3693 1007 3731 5.
1024 3673 1256 3747 5155155115.
1270 3675 1319 3731 39.

264 3759 468 3818 Tartarino
488 3758 519 3814 in
543 3778 570 3816 v.
587 3759 650 3818 510
666 3757 755 3837 (597)
777 3777 832 3832 555
855 3759 1006 3817 Tartareo.
1037 3761 1154 3833 5555155
1175 3777 1223 3828 55,
1246 3777 1321 3831 quae

178 3860 268 3915 55555
283 3844 337 3902 555
356 3860 425 3901 5555
435 3842 547 3915 paluda
558 3843 656 3914 attuli,
672 3844 862 3902 memoranda
875 3846 920 3901 est
931 3844 1012 3902 Festi
1023 3844 1122 3919 glossa
1134 3861 1162 3916 p.
1174 3843 1233 3899 359
1243 3837 1268 3913 ¹³,
1281 3843 1320 3898 25

245 4023 313 4079 Μ51,
325 4030 376 4074 art.
388 4042 467 4076 5555.
480 4027 561 4076 Β555.
571 4024 599 4074 15
611 4025 719 4089 Hageui
729 4029 824 4078 anecd.
837 4029 1067 4091 Η51551.5.81,1.
1138 4026 1195 4075 fibv.
1204 4027 1320 4075 Neuium

178 4093 194 4143 l.
208 4094 226 4142 l.
240 4094 284 4143 11⁴³
297 4111 321 4158 p.
338 4096 380 4153 1ος
400 4095 641 4157 grammaticorum
659 4095 728 4143 15515
748 4097 782 4145 55
797 4112 829 4145 eo
844 4096 939 4146 allatis
951 4097 1020 4144 adde
1034 4096 1083 4144 hos
1095 4092 1174 4143 duos:
1194 4095 1320 4143 Ρ5155.11

179 4178 204 4225 p.
222 4165 280 4223 229,
292 4166 325 4213 20
338 4162 373 4212 H.
392 4178 462 4224 acer,
482 4165 564 4222 aerim
583 4170 609 4210 et
626 4163 761 4224 sciendum,
780 4166 890 4228 quadiu
908 4170 1016 4227 atraque
1034 4163 1211 4211 terminatione.
1229 4164 1321 4210 atrias-

177 4245 224 4293 que
245 4233 349 4292 peneris
371 4231 530 4279 inueniuntur
551 4231 627 4279 haee:
653 4270 659 4281 .
680 4268 685 4279 .
705 4231 815 4280 Naeuius
835 4268 840 4278 .
862 4266 868 4279 .
888 4231 986 4279 Ennius
1005 4266 1011 4279 .
1031 4246 1049 4290 ‚3
1076 4229 1159 4295 Capri
1177 4230 1208 4277 de
1226 4229 1320 4276 verbis

176 4298 239 4345 dub.
259 4298 311 4346 VII
330 4314 355 4361 p.
377 4300 432 4358 107,
451 4299 466 4347 6
487 4299 518 4347 Κ.
544 4297 642 4360 (dubia)
666 4300 735 4347 aeris
753 4306 777 4348 et
796 4313 864 4361 acer,
886 4302 996 4363 quamuis
1013 4300 1100 4348 dieunt
1117 4299 1233 4362 plerique
1251 4298 1320 4345 aeris

173 4365 332 4428 femininum,
352 4381 413 4415 ouer
430 4369 599 4421 masculinnm.
