3000 4868
637 276 854 333 ..40-

175 454 227 525 qui
240 469 325 525 opere
344 453 484 523 dicebaut,
500 453 579 510 uude
593 452 733 524 optusis,
750 451 800 522 qui
814 453 1016 510 couueuieuter
1030 451 1119 509 oticui
1134 452 1251 510 iunctus
1266 455 1321 525 eot3

175 536 270 595 Servii
289 539 321 595 in
343 537 419 595 Aen.
442 536 546 594 xixo
567 537 618 594 boe
639 530 758 613 (apicis)
779 553 885 594 uomeu
910 536 1091 595 auctoribus
1111 540 1237 595 tractura
1264 541 1321 595 est:

126 687 130 694 ¹
175 639 260 697 apere
280 623 358 680 caira
372 627 478 682 ueteres
492 624 553 681 ritu
565 623 721 693 tamiuuue
736 621 866 694 adtiqarc
881 621 1028 695 dicebant,
1043 620 1121 679 uude
1136 624 1246 694 apioeru
1261 621 1322 680 die-

175 713 238 766 tum
252 708 352 766 uotuut
369 703 417 778 (cf.
434 706 506 766 Isid.
523 707 598 782 orig.
615 704 684 763 XIX
697 706 747 778 30,
761 702 806 780 5);
825 704 911 762 Pauli
926 724 956 779 p.
970 705 1069 776 22,17
1086 722 1140 778 ope
1155 706 1236 779 apud
1247 707 1324 765 auti-

175 809 247 866 quos
267 792 416 851 dicebatur
431 792 565 866 prohibe,
582 807 737 864 4444244
760 790 877 866 glossae
892 809 938 866 ap.
955 790 1067 848 Labb.:
1084 807 1154 864 ape,
1171 785 1323 866 κώλυσονς

177 878 238 936 ibd.
254 881 328 951 apat,
345 869 496 955 ἀποσοβεῖ.

261 963 523 1036 quaesentibus
542 961 574 1018 in
595 980 624 1018 v.
649 959 707 1017 146
731 952 820 1037 (143)
841 977 895 1034 pro
917 961 1130 1033 quaerentibua
1167 978 1273 1033 quaeso
1294 962 1326 1019 ct

176 1065 352 1121 quaesumus
373 1046 477 1104 orandi
497 1044 714 1122 significatione
736 1044 773 1101 ab
790 1045 912 1118 optimis
928 1045 1121 1120 scriptoribus
1137 1063 1223 1120 saepe
1239 1065 1325 1104 usur-

176 1134 293 1207 pantur.
330 1133 420 1189 etiam
442 1130 607 1190 infinitivus
628 1146 776 1203 quaesere,
800 1148 888 1204 quem
902 1130 1011 1189 Festus
1027 1149 1058 1203 p.
1076 1125 1174 1205 258¹),
1193 1131 1231 1188 13
1247 1130 1324 1189 anti·

177 1217 244 1292 quis
264 1216 387 1292 tribuit,
410 1216 507 1274 Phoco.
530 1215 570 1288 (V
591 1235 621 1289 p.
637 1216 715 1286 436,
732 1214 750 1269 4
768 1211 820 1289 Κ.)
842 1219 872 1272 et
887 1215 1023 1290 Eutyche
1039 1207 1081 1294 (V
1097 1234 1126 1288 p.
1142 1215 1219 1287 483,
1237 1217 1255 1273 8
1271 1213 1325 1294 Κ.)

175 1303 304 1361 testibus
333 1301 412 1376 apud
433 1300 609 1359 Sallustium
637 1303 667 1359 et
689 1298 766 1373 apud
790 1299 962 1358 Ciceronem
984 1299 1150 1374 legebatur.
1191 1299 1326 1375 reliquae

178 1389 278 1444 tamen
305 1386 392 1444 huius
420 1386 502 1444 verbi
523 1385 636 1442 formae
656 1402 671 1442 s
691 1384 793 1442 littera
820 1385 948 1458 scriptae
974 1384 1153 1458 antiquioris
1180 1385 1326 1444 sermonis

177 1471 340 1546 peculiares
356 1474 435 1532 sunt.
463 1488 558 1544 neque
574 1469 652 1526 enim
668 1469 727 1527 huc
742 1468 888 1543 pertinet,
911 1469 990 1543 qnod
1006 1474 1149 1541 quaesunt
1167 1474 1197 1529 et
1214 1472 1327 1542 quaesit

176 1555 256 1629 apud
284 1554 395 1613 Iulium
422 1553 575 1612 Valerium
605 1552 663 1629 (HI
686 1555 703 1610 2
731 1555 762 1610 et
783 1555 821 1611 37
845 1550 934 1627 Mai),
961 1570 1095 1625 quaesere
1118 1554 1149 1612 in
1170 1555 1326 1613 Itinerario

176 1639 339 1698 Alexandri
357 1639 459 1715 Magni
477 1638 530 1717 (15
547 1637 622 1715 Mai)
639 1637 841 1697 inveniuntur.
871 1640 999 1712 quaesito
1014 1640 1112 1697 autem
1129 1639 1327 1714 imperativus

177 1725 256 1801 apud
269 1724 465 1784 Columellam
477 1724 514 1782 de
524 1724 587 1782 arb.
596 1724 672 1800 26,8
687 1723 904 1782 dubitationem
916 1725 1026 1800 movet,
1037 1741 1103 1782 oum
1117 1723 1186 1783 libri
1200 1725 1326 1800 Sangar-

179 1811 328 1869 manensis
345 1812 375 1867 et
387 1809 553 1884 Lipsiensis
568 1811 699 1881 quaerito
714 1808 883 1883 praebeant.
907 1827 943 1866 ex
959 1808 1065 1867 ceteris
1081 1809 1234 1884 exemplis,
1251 1827 1327 1885 quae

178 1894 292 1952 Neuius
315 1890 350 1971 (l.
368 1895 387 1951 l.
406 1915 435 1969 p.
452 1895 530 1968 4873
552 1914 580 1951 v.
597 1893 688 1951 etiam
704 1893 831 1951 Jordani
847 1894 942 1968 symb.
959 1913 989 1967 p.
1009 1894 1069 1951 145
1085 1893 1143 1968 sq.)
1160 1912 1226 1952 erim
1242 1895 1327 1953 testi·

178 1974 314 2036 moniis⁸²
336 1978 473 2053 collegit,
495 1996 695 2037 commemoro
717 1981 834 2036 tantum
856 1978 994 2037 Enniana
1015 1980 1218 2051 quoesuuduru
1232 1972 1325 2057 (trag.

178 2065 217 2121 97
230 2062 266 2120 R.
279 2089 320 2110 =
332 2063 392 2121 fab.
405 2063 466 2121 322
479 2061 535 2137 Μ.)
553 2057 641 2144 (quae
651 2064 809 2122 secuudum
822 2064 912 2122 codex
923 2063 1022 2138 Festi3
1034 2082 1108 2122 corr.
1120 2062 1326 2140 Ribbeckius)

178 2150 377 2222 quaesendum
392 2146 481 2223 (trag.
501 2149 562 2206 120
577 2147 613 2205 R.
629 2175 670 2196 -—-
685 2147 744 2206 fab.
763 2148 825 2207 350
841 2144 904 2226 M),
920 2151 1033 2221 quaesit
1048 2145 1137 2225 (trag.
1156 2150 1215 2207 199
1231 2149 1266 2210 R.
1284 2174 1327 2196 ==

180 2233 240 2291 fab.
258 2233 297 2290 74
314 2230 367 2313 Μ.)
382 2232 466 2306 (quid
479 2235 517 2292 sit
532 2232 623 2291 codex
638 2231 803 2307 Ciceronis,
820 2252 895 2292 corr.
911 2232 1117 2310 Leopardius).
1141 2234 1328 2292 desideratur

180 2320 281 2376 temen
303 2322 332 2376 et
353 2318 429 2392 apud
446 2317 574 2376 Nouium
592 2320 622 2375 et
637 2317 668 2374 in
683 2318 784 2376 lexicis
802 2318 924 2377 verbum
940 2319 1194 2393 frequentativum
1211 2320 1328 2394 quaesi-

178 2403 280 2476 tandi,
302 2404 385 2461 ouius
407 2403 543 2461 notitiam
564 2403 717 2478 glossariis
740 2402 891 2461 debemus.
920 2402 1057 2462 Loewius
1072 2403 1188 2477 (prodr.
1204 2423 1234 2478 p.
1250 2402 1327 2479 316)

178 2487 299 2562 quidem
320 2487 392 2545 duas
408 2488 523 2564 glossas
539 2487 653 2545 adfert:
675 2489 827 2563 quaeritat,
843 2489 964 2560 quaerit,
980 2489 1147 2564 iuterroqat‚
1163 2490 1327 2548 suscitatur

180 2575 210 2631 et
225 2575 396 2646 quaesitore,
413 2590 558 2645 quaerere.
583 2572 660 2630 idam
677 2572 734 2630 alio
749 2573 814 2631 loco
831 2573 877 2631 bis
892 2575 1055 2646 quaesitore
1070 2573 1129 2649 legi
1146 2575 1282 2632 testatur.

211 2667 213 2670 '
263 2662 406 2716 rcueaut
426 2658 457 2715 in
479 2677 507 2716 v.
525 2659 564 2715 72
586 2654 664 2732 (54).
702 2658 809 2717 ultimo
830 2659 894 2717 loco
916 2658 971 2716 hoc
991 2657 1115 2717 verbum
1137 2659 1239 2732 posui,
1255 2658 1327 2733 quia

178 2743 327 2817 quomodo
342 2741 550 2816 explicandum
567 2742 607 2800 sit
622 2743 712 2799 etiam
728 2761 806 2810 nunc
822 2742 944 2799 minime
958 2742 1061 2816 liquet.
1098 2743 1208 2800 etenim
1224 2761 1284 2800 una
1299 2744 1328 2803 ei

178 2826 351 2884 testimonio
365 2829 410 2883 est
421 2826 504 2884 Festi
514 2826 615 2901 glossa
626 2846 656 2901 p.
666 2827 726 2885 282
734 2833 755 2898 ⁸,
770 2827 809 2884 33
822 2826 864 2884 sic
876 2826 1004 2900 scripta:
1021 2833 1186 2900 reruauaut,
1198 2833 1329 2901 reptcut,·

179 2911 302 2970 Euuius
317 2912 335 2969 t.
351 2910 374 2969 I
378 2932 387 2968 :
402 2912 506 2971 desuut
520 2913 602 2971 'riuos
612 2930 783 2984 camposque
796 2917 926 2985 remau-t,
944 2911 991 2971 cui
1007 2912 1140 2971 conteras
1155 2912 1240 2971 Pauli
1256 2914 1326 2988 epit.

179 3017 208 3071 p.
227 2996 302 3066 283,
321 2997 338 3053 7
354 3002 483 3068 reruaut,
499 3002 647 3070 repetaut;
667 2998 805 3056 Euuius:
827 2999 905 3056 riuos
920 3015 1090 3072 camposque
1104 3002 1227 3056 remaut.
1256 2998 1327 3057 inde

179 3083 234 3140 hoo
246 3081 364 3155 quidem
378 3081 448 3138 mihi
461 3082 580 3140 videtur
592 3083 716 3158 elucere,
729 3101 788 3141 non
801 3083 957 3159 vulgatum
968 3088 1133 3154 remuuaut,
1148 3083 1199 3141 sed
1211 3089 1328 3144 rcuoaut

180 3168 287 3240 poetae
313 3167 377 3223 iure
398 3166 529 3228 restitui.
572 3166 682 3225 Paulus
704 3167 783 3227 enim
805 3168 963 3225 manifesto
984 3172 1014 3225 et
1034 3167 1065 3224 in
1084 3167 1223 3226 lemmate
1245 3168 1327 3227 etin

180 3269 267 3309 versu
282 3249 420 3307 Enniano
435 3255 551 3308 reruaut
564 3251 654 3326 legit,
677 3252 755 3326 quod
772 3252 862 3310 etiam
877 3251 960 3309 Festi
976 3250 1066 3309 codex
1082 3255 1217 3311 servatus
1232 3253 1326 3311 altero

178 3338 243 3394 loco
265 3334 393 3394 exhibet.
432 3340 589 3394 remauaut
611 3337 709 3393 autem
726 3336 883 3409 duplicatis
899 3354 941 3395 au
955 3337 1064 3395 litteris
1080 3356 1133 3411 per
1148 3355 1276 3397 errorem
1294 3339 1326 3396 in

181 3423 296 3479 textum
320 3420 450 3495 irrepere
472 3420 612 3478 facillime
627 3421 737 3494 potuit.
769 3419 903 3480 Klotrius
919 3419 964 3499 (in
980 3422 1036 3480 lex.
1054 3442 1077 3484 s.
1094 3442 1122 3480 v.
1137 3417 1245 3502 reuco)
1261 3423 1327 3496 qui-

182 3506 249 3563 dern
272 3505 435 3563 arbitratur
450 3511 606 3565 rernauaut
621 3505 797 3581 ampliorem
812 3524 876 3565 esse
891 3506 1015 3564 formam
1032 3525 1085 3580 pro
1101 3507 1223 3582 vulgato
1238 3525 1326 3566 reme-

180 3595 240 3650 aut.
279 3589 325 3647 cui
346 3592 511 3648 sententiae
533 3591 655 3649 minima
676 3591 807 3650 adducor
822 3595 856 3649 ut
871 3591 1029 3664 astipuler,
1048 3610 1122 3666 quac
1137 3592 1219 3649 nullo
1235 3591 1327 3651 simili

182 3675 318 3749 exemplo
334 3675 488 3748 probetur.
517 3695 584 3734 nam
601 3677 714 3735 alienae
730 3679 801 3734 sunt
816 3676 930 3732 formae
945 3676 1014 3759 illac
1031 3677 1246 3735 vetustissimae
1260 3678 1328 3736 soti·

180 3765 271 3832 uuut,
287 3759 435 3832 feriuuut,
452 3762 591 3830 obiuuut,
606 3764 777 3834 aequiuout,
793 3762 1049 3833 iutcrseriuuutur,
1060 3763 1236 3834 prodiuuut,
1252 3762 1326 3821 redi·

180 3848 266 3917 uuut,
277 3845 402 3913 dauuut,
415 3847 578 3917 cupteuuut.
596 3846 701 3920 quidni
712 3851 826 3904 rcruaut
838 3863 891 3920 pro
902 3851 1031 3906 rerueaut
1042 3846 1325 3920 scripseritEnnius,

182 3929 260 4004 apud
281 3947 369 4003 quem
393 3929 481 3987 etiam
502 3932 594 3989 satura
615 3934 645 3988 et
664 3931 726 3989 cota
746 3949 801 4004 pro
824 3932 930 3991 sotiuru
949 3933 980 3990 et
999 3932 1073 3991 sotio
1095 3948 1129 3988 ac
1149 3932 1327 4004 pronomina

182 4014 354 4089 possessiva
368 4031 415 4073 sos
429 4033 479 4073 sae
492 4016 533 4074 sis
547 4017 603 4074 ruis
617 4014 833 4074 inveniantur?

265 4099 390 4157 Formas
402 4107 555 4173 morimur,
567 4103 741 4173 misererout,
757 4103 875 4161 tctutisti
884 4104 924 4175 (v.
935 4101 985 4158 56.
999 4098 1069 4157 175.
1081 4098 1154 4174 384)
1168 4103 1202 4157 ut
1214 4100 1325 4160 alienas

182 4184 278 4243 omisi.
320 4202 388 4241 nam
410 4188 513 4245 moriri
533 4187 622 4245 etiam
643 4187 721 4261 apud
744 4183 884 4244 Ovidium
904 4188 976 4244 met.
997 4183 1068 4242 XIV
1089 4185 1169 4262 215,
1188 4186 1327 4244 ruisereut

248 4299 270 4333 ⁸²
289 4301 339 4350 sed
358 4302 393 4353 of.
412 4301 494 4350 etiam
513 4301 673 4352 Cledoninm
686 4303 710 4353 V
728 4319 753 4367 p.
766 4304 808 4366 59,
822 4304 837 4352 2
850 4303 897 4362 Κ.;
916 4301 1027 4364 Pompei
1041 4316 1135 4350 comm.
1150 4303 1210 4366 Vp.
1224 4304 1283 4365 232,
1296 4302 1326 4366 13

181 4368 362 4420 Consentium
380 4374 404 4423 V
422 4384 448 4434 p.
468 4370 524 4430 380,
545 4373 568 4425 1,
586 4371 644 4434 382,
664 4372 704 4424 14.
