3264 5050
735 1006 895 1081 Vita.

331 1266 548 1344 Fuci-ohtegott
571 1267 743 1326 Fridericus
765 1266 938 1326 Alexander
961 1265 1123 1325 Reichardt
1149 1271 1238 1325 uatus
1267 1285 1334 1325 sum
1356 1268 1387 1325 in

241 1355 308 1416 vico
320 1356 460 1416 Neudorf
474 1356 513 1414 ad
526 1354 739 1433 Annabergam
754 1356 810 1415 sito
826 1375 851 1415 a.
866 1356 893 1414 d.
908 1355 944 1415 V.
959 1356 1002 1414 Id.
1018 1354 1083 1414 Oct.
1098 1374 1175 1413 anno
1195 1355 1223 1414 h.
1245 1374 1267 1415 s.
1285 1355 1387 1414 LVIII

242 1447 329 1520 patre
344 1443 462 1521 Omaro,
477 1448 572 1504 matre
588 1445 728 1522 Augusta
746 1463 762 1504 e
781 1448 871 1520 gente
887 1443 1139 1504 Housmanniana.
1163 1443 1233 1503 fidei
1251 1444 1388 1503 addictus

244 1552 310 1591 snm
334 1533 532 1610 evangelicae.
573 1537 661 1610 pater
684 1533 822 1611 optimus,
848 1553 933 1611 quem
959 1532 1033 1591 mihi
1056 1533 1164 1592 abhinc
1187 1535 1253 1592 octo
1271 1552 1388 1592 menses

243 1624 339 1681 morte
354 1623 511 1697 abreptum
526 1624 626 1701 lugeo,
640 1623 762 1682 assidua
775 1641 846 1682 cura
860 1641 907 1681 me
921 1641 981 1681 non
994 1622 1083 1681 modo
1097 1621 1201 1698 primis
1215 1615 1388 1681 litterarum

244 1711 398 1770 elementis
413 1712 531 1789 imbuit,
545 1731 650 1771 verum
668 1713 760 1770 etiam
778 1711 817 1770 ad
835 1710 1032 1770 humanitatis
1051 1711 1152 1770 studia
1170 1712 1327 1770 tractanda
1341 1731 1389 1770 me

244 1799 433 1876 informavit,
456 1800 549 1859 donec
568 1819 644 1859 anno
664 1801 773 1860 aetatis
791 1799 880 1858 XVII
898 1802 1037 1876 receptus
1058 1819 1126 1859 sum
1143 1799 1175 1858 in
1197 1801 1388 1876 gymnasium

245 1886 475 1965 Ohcmnitiense,
499 1908 589 1964 quam
613 1890 745 1949 scholam
764 1888 919 1948 Theodoro
938 1888 1063 1966 Vogelio
1088 1891 1118 1949 et
1135 1889 1265 1948 Martino
1284 1889 1388 1948 Wohl-

245 1977 329 2036 rabio
353 1977 519 2037 rectoribus
542 1981 604 2037 tres
628 1997 720 2038 annos
739 1978 937 2056 frequentavi.
977 1978 1163 2036 maturitatis
1182 1978 1389 2037 testimonium

245 2067 371 2144 adeptus
394 2066 426 2124 in
443 2067 640 2126 universitate
659 2067 807 2144 Lipsiensi
826 2067 934 2128 studiis
958 2067 1150 2144 philologieis
1169 2086 1290 2142 operam
1312 2067 1388 2126 dedi.
1425 2069 1428 2076 '

243 2155 351 2214 scholis
365 2156 498 2232 interfui,
512 2175 585 2232 quas
600 2156 769 2215 habuerunt
782 2155 842 2216 viri
855 2155 1021 2215 doctissimi
1034 2153 1244 2232 Biedermann,
1258 2157 1388 2233 Braune,

244 2242 375 2321 Ourtius,
395 2244 547 2320 Eckstein,
566 2245 681 2320 Fricke,
700 2245 821 2320 Heinze,
839 2244 949 2320 Hirzel,
968 2245 1080 2322 Lange,
1094 2245 1222 2322 Lipsius,
1240 2244 1389 2321 Noorden,

243 2332 392 2408 Ribbeck,
416 2332 539 2411 Seydel,
563 2332 760 2409 Struempell,
779 2332 886 2410 Voigt,
905 2333 1074 2411 Windisch,
1095 2333 1223 2409 Wnndt,
1247 2334 1389 2392 Zarncke.

243 2421 452 2497 proseminarii
470 2421 645 2499 philologici
658 2423 734 2500 regii
747 2422 850 2498 Lipsio
869 2422 1005 2499 praeside
1019 2426 1066 2481 ter
1081 2441 1132 2481 sex
1145 2441 1262 2481 menses
1277 2423 1388 2482 sodalis

243 2510 302 2588 fui,
328 2513 359 2569 et
385 2510 492 2570 deinde
517 2530 572 2587 per
598 2513 722 2588 aequale
750 2512 895 2588 temporis
924 2511 1055 2588 spatium
1084 2511 1193 2571 sodalis
1219 2511 1388 2570 ordinarius

244 2599 395 2659 seminarii
413 2599 589 2678 philologici
607 2600 693 2676 regii,
713 2601 762 2659 cui
781 2604 941 2676 praeerant
958 2599 1106 2675 Ribbeck,
1125 2601 1238 2676 Lange,
1258 2599 1388 2659 Curtius.

244 2688 508 2748 exercitationibus
528 2687 696 2748 Germanici
721 2689 885 2763 seminarii,
910 2707 985 2766 quas
1009 2689 1142 2748 Zarncke
1165 2689 1310 2762 instituit,
1334 2708 1389 2764 per

243 2781 386 2836 semestre
414 2778 559 2853 spatium,
590 2778 742 2837 seminarii
771 2778 967 2856 paedagogici
996 2778 1170 2836 Eckstcinio
1200 2778 1387 2836 moderatore

243 2885 296 2940 per
315 2867 374 2925 tria
396 2867 553 2926 semestris
574 2867 706 2926 interfui.
747 2870 906 2944 practerea
929 2867 968 2925 ad
990 2866 1164 2925 societatem
1187 2867 1388 2944 antiquariam

243 2954 356 3031 Lange,
379 2954 416 3013 ad
439 2956 654 3032 philologicam
674 2957 807 3016 Ribbeck
830 2975 885 3032 per
906 2960 994 3014 terna
1015 2956 1172 3015 semestria
1193 2957 1321 3031 benigne
1340 2975 1388 3013 me

243 3043 437 3102 admiserunt.
484 3044 592 3120 quibus
619 3045 692 3104 viris
720 3044 857 3104 omnibus
889 3064 943 3120 pro
977 3044 1102 3103 summis
1133 3045 1165 3102 in
1197 3064 1243 3104 me
1271 3045 1387 3103 meritis

243 3132 357 3209 gratim
381 3151 437 3210 ago
462 3151 496 3190 ac
519 3151 636 3208 semper
659 3134 775 3192 habebo
799 3133 951 3192 maximas.
978 3164 1016 3173 —
1041 3133 1187 3192 Exandne
1212 3152 1266 3208 pro
1293 3134 1387 3191 facul-

243 3224 307 3281 tate
329 3222 361 3280 in
379 3221 544 3298 gymnasiis
566 3222 691 3281 docendi
709 3242 787 3282 anno
806 3223 835 3281 h.
855 3241 877 3281 s.
896 3221 1036 3280 LXXXII
1054 3225 1194 3297 superato
1213 3221 1387 3280 candidatus

242 3310 413 3384 probandus
436 3311 584 3387 ascriptus
612 3311 656 3369 fui
682 3311 839 3388 gymnasio
865 3311 947 3388 regio
976 3311 1133 3386 Lipsiensi.
1179 3311 1284 3370 deinde
1312 3310 1387 3369 duos

244 3400 306 3457 fere
330 3417 422 3458 annos
444 3399 562 3459 Rornae
585 3401 758 3478 magisterio
782 3401 903 3459 functus
927 3419 1003 3459 anno
1027 3400 1182 3459 LXXXVI
1204 3399 1270 3459 Kal.
1290 3399 1386 3475 April.

243 3487 387 3546 Drcsdam
410 3489 636 3566 transmigravi,
664 3490 718 3549 ubi
741 3510 777 3550 ex
799 3490 855 3548 hoo
879 3493 1012 3565 tempore
1036 3489 1067 3548 in
1094 3489 1275 3548 bibliotheca
1303 3489 1387 3564 regia

243 3576 366 3652 publica
388 3577 534 3636 adiutoris
556 3578 656 3636 locum
679 3580 775 3638 teneo.
