3000 4868
632 263 852 321 ..44-

171 454 290 509 causae,
313 454 379 494 cnm
402 434 572 494 Lllluellero
598 433 688 511 (1166.
710 457 739 511 p.
757 434 831 510 201)
854 435 916 494 illio
938 455 1055 512 quoque
1070 439 1144 498 iudai
1159 438 1318 514 legendum

170 539 233 578 csse
253 520 435 595 putabimus.
472 523 546 580 indu
567 521 678 579 formae
701 522 752 596 qui
769 521 859 579 luerit
875 539 962 594 usus,
978 541 1013 580 ex
1028 522 1070 581 eis
1087 542 1163 597 quae
1177 521 1319 582 Neuius⁸⁸

170 605 294 681 collegit
309 607 381 665 satis
397 607 586 680 perspicitur.
610 625 680 663 nam
696 606 828 680 exempla
840 606 903 665 eius
916 607 1016 665 omnia
1026 607 1199 667 vetustioris
1211 608 1318 667 aetatis

171 693 251 767 sunt,
266 690 325 749 nisi
342 691 423 766 qnod
437 692 628 765 induperator
643 694 673 750 et
686 692 863 765 induperure
878 692 966 750 etiam
979 693 1192 767 imperatorum
1205 695 1319 767 tempo·

172 774 255 834 ribus
265 794 282 833 e
292 776 388 851 poetis
401 777 578 835 vetustiores
589 776 775 834 imitantibus
787 776 936 835 interdum
951 774 1173 852 usurpantur.⁸⁹
1188 780 1319 836 ceterum

170 860 228 918 iam
251 860 367 919 Ennius
389 861 419 918 in
441 861 597 919 annalibus
618 864 648 920 et
669 861 891 937 epigrammatis
913 863 1009 921 multo
1032 863 1148 938 saepius
1168 864 1203 921 iri
1222 863 1319 921 forma

168 964 257 1019 qnam
279 946 473 1020 amplioribus
495 947 582 1019 cudo,
603 948 688 1018 iude,
710 948 785 1006 indu
799 941 871 1005 usus
887 950 947 1019 est,
963 947 994 1005 in
1010 947 1120 1007 fabulis
1135 948 1319 1022 reliquisque

166 1032 313 1104 poematis
329 1031 382 1088 has
394 1048 516 1105 prorsus
531 1032 690 1091 esitavisse
702 1031 830 1091 videtur.
853 1031 933 1090 unde
944 1032 1148 1108 intellegimus
1159 1032 1217 1090 iarn
1228 1031 1319 1091 Ennii

168 1117 264 1174 aetate
280 1116 439 1189 ampliores
457 1116 524 1174 illes
540 1135 628 1175 voees
644 1117 675 1175 in
691 1118 838 1176 communi
854 1136 989 1176 sermone
1004 1135 1064 1176 non
1080 1117 1172 1177 fnisse
1193 1117 1319 1177 usitatas

169 1197 212 1276 (v.
228 1200 354 1258 Jordani
371 1201 468 1277 symb.
484 1221 513 1279 p.
531 1202 593 1263 260
604 1196 675 1283 66).

563 1391 590 1448 7.
615 1388 926 1449 0661666116666.

255 1492 409 1563 quamde
430 1491 461 1548 in
479 1510 506 1550 v.
523 1491 562 1548 29
580 1485 649 1570 (98)
664 1493 694 1548 61
716 1494 860 1563 quaudo
876 1490 972 1566 (6666
986 1494 1028 1552 dit
1042 1511 1099 1552 uas
1113 1494 1203 1551 codex
1219 1493 1318 1568 Festi3

168 1576 283 1647 quande
303 1581 371 1634 tuos
392 1574 537 1651 Ursinus)
547 1572 570 1605 ⁹⁰
589 1577 620 1634 in
642 1597 669 1634 v.
688 1578 747 1634 139
770 1571 872 1657 (132).
910 1577 945 1635 (16
967 1577 1055 1635 buius
1076 1578 1241 1652 particulae
1262 1597 1318 1637 usu

171 1660 277 1718 Festus
294 1680 323 1734 p.
341 1661 412 1731 261,
428 1661 448 1717 4
467 1661 519 1733 (cf.
535 1661 621 1718 Pauli
637 1681 666 1735 p.
686 1661 756 1733 260,
775 1660 805 1736 1)
822 1661 907 1720 docet
922 1662 1006 1720 haec:
1023 1664 1148 1734 quamde
1158 1681 1214 1736 pro
1229 1682 1318 1735 quom

172 1763 240 1804 usos
255 1763 315 1804 csse
329 1748 541 1818 anticensorem
552 1747 750 1823 multicolores
760 1748 921 1806 testimonio
931 1752 1001 1806 6661
1013 1752 1075 1806 tum
1086 1748 1206 1806 Ennius
1217 1746 1320 1824 (116166

173 1829 280 1904 codex,
304 1849 379 1888 corr.
403 1830 554 1904 Ursinus).
578 1873 611 1892 ..
634 1830 718 1888 addit
739 1831 844 1890 Festus
865 1831 1006 1906 exemplis
1027 1831 1170 1890 Ennianis
1187 1832 1317 1891 Lucretii

169 1933 289 1972 versum
305 1908 334 1992 (I
348 1910 423 1992 640)
437 1919 467 1972 et
479 1914 550 1972 alibi
564 1911 608 1989 (p.
621 1910 715 1987 3521),
730 1910 762 1994 9)
775 1916 881 1975 Naevii
892 1917 941 1974 vel
954 1917 1052 1991 potius
1063 1916 1141 1974 Livii
1154 1917 1319 1976 Andronici

168 1994 221 2076 (cl.
244 1998 331 2057 Hom.
355 1998 411 2057 Od.
433 2000 547 2073 01383
569 2020 597 2058 v.
615 1999 778 2057 Hermanni
799 2000 836 2058 el.
860 2001 955 2058 doctr.
977 2003 1065 2058 metr.
1082 2020 1112 2074 p.
1130 1995 1206 2082 623)
1226 2002 1319 2060 verba

171 2084 295 2156 quamde
319 2101 401 2142 marc
421 2101 553 2155 saecum,
580 2103 656 2159 quae
676 2083 875 2142 Buechelerus
896 2080 979 2160 (ann.
1002 2085 1075 2159 phil.
1094 2087 1174 2144 1863
1196 2105 1225 2160 6.
1241 2084 1317 2160 332)

172 2187 276 2226 versus
290 2168 422 2227 saturnii
438 2169 557 2226 initium
573 2169 694 2227 iudicat.
718 2188 804 2244 porro
821 2188 876 2244 pro
892 2169 982 2227 dubio
995 2169 1100 2229 Naevii
1113 2189 1216 2230 versus
1229 2167 1272 2248 (b.
1283 2170 1316 2234 P.

171 2247 261 2330 3Μ.)
283 2253 368 2311 initio
385 2259 541 2326 postquem
561 2272 629 2314 aces
649 2256 760 2326 aspecit
780 2254 988 2313 Fleckeisenus
1011 2253 1106 2326 (misc.
1130 2255 1193 2316 crit.
1217 2275 1244 2329 p.
1261 2253 1316 2329 21)

163 2338 354 2411 postqudmdo
371 2337 439 2397 uoe's
456 2337 923 2414 666666166666611116166116611.
948 2338 1076 2414 denique
1092 2339 1122 2397 in
1139 2340 1222 2398 Accii
1237 2340 1317 2414 frag·

169 2426 271 2480 mento
295 2420 369 2500 (267
386 2417 437 2504 Β.)
461 2422 587 2481 Bothius
609 2423 691 2481 etin
714 2423 831 2482 duobus
846 2423 946 2481 Plauti
968 2422 1103 2482 versibus
1125 2419 1225 2501 (True.
1243 2426 1315 2483 627.

169 2506 278 2565 Pseud.
298 2501 372 2588 140)
388 2507 467 2564 idem
484 2510 514 2565 et
528 2507 674 2584 Bergkius
692 2503 801 2583 (opusc.
818 2507 832 2566 Ι
847 2527 877 2582 p.
896 2509 955 2566 134
968 2511 1053 2589 666.)
1068 2528 1157 2582 quara
1172 2509 1316 2568 traditum

161 2593 197 2648 in
214 2594 338 2664 quamde
354 2596 553 2651 mutaverunt.

236 2861 258 2893 ⁸³⁸
278 2860 346 2910 adde
359 2859 492 2910 Catonern
505 2860 578 2925 apud
593 2861 710 2912 Nonium
723 2877 750 2925 p.
767 2862 823 2922 162,
837 2863 870 2910 20
882 2862 943 2910 indu
956 2878 1031 2912 naves
1044 2859 1114 2926 (inde
1127 2865 1224 2924 1666616
1236 2863 1313 2925 libri3

168 2944 237 2982 corr.
262 2927 410 2992 Scaliger);
439 2929 523 2992 gloss.
552 2930 625 2994 apud
649 2929 774 2979 Hildebr.
793 2945 825 2992 p.
851 2930 896 2978 172
920 2929 968 2990 (cf.
993 2947 1018 2993 p.
1039 2930 1097 2992 178)
1122 2936 1149 2980 61
1171 2931 1315 2980 Loewium

168 2996 257 3061 prodr,
282 3014 308 3062 p.
331 2999 388 3047 344.
419 2996 501 3061 glosa.
525 3012 595 3049 nom,
624 3014 648 3062 p.
674 2999 722 3047 186
750 2999 905 3060 1666661161,
934 3000 1038 3061 impedit
1067 3015 1100 3048 ex
1129 2998 1314 3061 compluribus

170 3064 324 3125 codicibus;
344 3064 416 3114 alias
435 3079 541 3128 quoque
559 3065 665 3129 glossas
684 3065 809 3114 Loewius
829 3063 924 3127 (gloss.
942 3081 1013 3116 nom.
1032 3064 1099 3127 1.1.)
1118 3069 1234 3129 praebet
1251 3081 1314 3130 per-

168 3134 255 3181 multa
272 3134 300 3181 in
321 3133 463 3196 glossariis
481 3134 573 3181 inesse
593 3132 742 3182 affirmans.
812 3133 833 3164 ⁸³
848 3137 929 3196 poeta
943 3134 1013 3196 apud
1028 3134 1165 3198 Hyginum
1180 3135 1313 3194 166,221;

167 3200 263 3251 Iuven.
286 3203 316 3260 4,
337 3203 377 3254 29.
403 3204 447 3261 10,
470 3201 530 3255 138,
555 3200 616 3262 alii;
641 3200 677 3250 cf.
696 3199 870 3251 LMuellerus
891 3200 924 3248 de
944 3216 973 3249 re
992 3205 1068 3249 metr.
1088 3217 1113 3263 p.
1126 3203 1176 3250 393
1190 3216 1231 3264 sq.

168 3267 190 3299 ³⁰
208 3283 234 3316 v.
249 3267 431 3317 Ribbeckium
450 3267 483 3317 de
503 3269 654 3330 parthau
674 3285 699 3332 p.
717 3270 742 3318 4.
762 3267 875 3332 Bergkii
894 3283 989 3332 opusc.
1008 3268 1021 3316 I
1040 3285 1056 3331 p
1077 3271 1117 3319 16.
1148 3267 1313 3320 Corssenum

169 3335 203 3385 (16
221 3339 348 3400 pronunt.
369 3335 412 3384 11²
431 3352 458 3400 p.
477 3336 538 3395 8553
559 3335 643 3397 symb.
665 3351 691 3399 p.
711 3337 769 3385 493.
