3264 5050
733 999 892 1074 Viba.

329 1260 546 1337 Fuerchtegott
568 1259 741 1318 Fridericus
764 1259 936 1318 Alexander
959 1258 1121 1318 Reiohardt
1147 1264 1236 1318 natus
1265 1277 1333 1318 sum
1355 1260 1385 1317 in

239 1348 305 1408 vico
318 1348 457 1408 Neudorf
471 1349 510 1406 ad
524 1348 737 1425 Annabergam
752 1349 809 1408 sito
824 1367 849 1407 a.
864 1348 891 1407 d.
906 1347 942 1407 V.
957 1348 1000 1406 Id.
1016 1346 1080 1406 Oct.
1096 1366 1173 1406 anno
1193 1349 1221 1407 h.
1243 1366 1265 1407 s.
1283 1349 1385 1406 LVIII

240 1439 327 1513 patre
342 1435 460 1513 Omero,
474 1441 570 1496 matre
585 1437 726 1514 Augusta
744 1455 760 1496 e
779 1440 869 1512 gente
885 1435 1137 1496 Hausmanniana.
1161 1436 1232 1497 fidei
1249 1437 1386 1496 addictus

242 1544 309 1584 sum
331 1525 529 1602 evangelicae.
571 1529 659 1602 pater
681 1526 820 1603 optimus,
846 1545 931 1603 quem
957 1526 1031 1583 mihi
1054 1525 1162 1585 abhinc
1185 1527 1251 1585 octo
1270 1544 1386 1585 menses

241 1617 337 1673 morte
352 1615 508 1690 abreptum
523 1616 623 1693 lugeo,
637 1615 759 1674 assidua
773 1633 844 1673 cura
859 1633 905 1673 me
919 1633 978 1673 non
992 1615 1080 1673 modo
1095 1614 1199 1690 primis
1213 1608 1386 1673 litterarum

241 1704 396 1762 elementis
410 1704 529 1781 imbuit,
542 1723 647 1763 verum
665 1705 758 1763 etiam
777 1704 815 1762 ad
833 1703 1030 1762 humanitatis
1049 1703 1150 1762 studia
1168 1705 1325 1762 tractanda
1339 1723 1387 1762 me

242 1791 430 1869 informavit,
453 1792 547 1851 donec
566 1812 642 1851 anno
661 1793 771 1851 aetatis
789 1790 877 1849 XVII
896 1794 1035 1868 receptus
1056 1811 1124 1851 sum
1141 1791 1172 1850 in
1195 1793 1386 1868 gymnasium

243 1878 473 1957 Ohemnitiense,
497 1901 587 1956 quam
611 1882 742 1940 scholam
762 1880 917 1940 Theodoro
936 1879 1061 1958 Vogelio
1086 1884 1116 1940 et
1133 1881 1263 1941 Martino
1282 1881 1387 1940 Wohl-

203 1969 206 1972 ’
242 1969 326 2028 rabio
350 1970 517 2029 rectoribus
540 1973 602 2029 tres
626 1989 718 2030 annos
737 1970 934 2048 frequentavi
976 1969 1161 2028 maturitatis
1180 1969 1387 2029 testimonium

243 2057 369 2136 adeptus
392 2058 424 2116 in
441 2059 637 2118 universitate
657 2060 805 2136 Lipsiensi
823 2059 932 2119 studiis
956 2059 1148 2136 philologieis
1167 2078 1288 2135 operam
1310 2059 1386 2118 dedi.
1423 2061 1426 2068 '

241 2147 350 2205 soholIs
363 2148 495 2224 interfui,
510 2167 583 2224 quas
597 2149 768 2207 habuerunt
780 2148 840 2208 viri
853 2147 1020 2207 doctissimi
1032 2145 1242 2225 Biadermann,
1256 2149 1387 2224 Brenno,

242 2233 374 2311 Curtius,
393 2236 544 2312 Eckstein,
563 2237 679 2312 Fricke,
698 2237 819 2313 Heinze,
837 2237 947 2312 Hirzel,
966 2237 1078 2314 Lange,
1092 2237 1220 2314 Lipsius,
1238 2236 1387 2313 Noorden,

241 2323 390 2400 Ribbeck,
414 2323 537 2402 Seydel,
561 2324 758 2401 Strucmpell,
777 2325 884 2403 Voigt,
903 2325 1072 2403 Windisch,
1093 2326 1221 2401 Wundt,
1246 2326 1387 2384 Zarncke.

241 2412 450 2489 proseminarii
468 2413 642 2491 philologici
655 2415 732 2492 regii
745 2415 848 2490 Lipsio
866 2415 1003 2491 praeside
1017 2419 1064 2473 ter
1078 2433 1130 2473 sex
1143 2433 1260 2474 meuses
1275 2415 1386 2474 sodalis

241 2501 301 2580 fui,
326 2506 358 2561 et
384 2501 490 2561 deinde
515 2522 569 2579 per
596 2505 720 2580 aequale
748 2504 893 2580 temporis
922 2503 1054 2580 spatium
1081 2503 1191 2563 sodalis
1217 2503 1386 2563 ordinarius

242 2591 393 2650 seminarii
411 2590 587 2669 philologici
605 2592 692 2668 regii,
711 2593 760 2651 cui
778 2596 938 2668 praeerant
956 2591 1104 2667 Ribbeck,
1123 2592 1236 2669 Lange,
1255 2591 1386 2651 Curtius.

242 2680 507 2740 exercitationibus
526 2679 694 2740 Germanici
719 2682 883 2755 seminarii,
907 2699 983 2759 quas
1007 2681 1140 2740 Zarncke
1163 2681 1309 2753 instituit,
1333 2699 1386 2757 per

241 2773 384 2828 semestre
412 2769 557 2844 spatium,
588 2770 740 2829 seminarii
769 2770 965 2848 paedagogici
994 2770 1167 2828 Ecksteinio
1198 2770 1385 2828 moderatore

241 2878 294 2932 per
312 2859 372 2917 tria
394 2859 551 2918 semestria
572 2859 705 2918 interfui.
746 2863 904 2936 praeterea
927 2859 966 2917 ad
988 2859 1162 2918 societatem
1185 2858 1387 2934 antiquariam

242 2946 354 3023 Lange,
378 2947 416 3004 ad
438 2947 652 3024 philologicam
671 2947 805 3007 Ribbeck
828 2968 883 3025 per
904 2951 992 3006 terna
1013 2947 1170 3006 semestria
1191 2948 1318 3023 benigne
1338 2966 1385 3006 me

241 3035 435 3094 admiserunt.
482 3036 590 3112 quibus
617 3037 690 3096 viris
719 3037 855 3095 omnibus
887 3056 941 3110 pro
974 3036 1100 3095 summis
1131 3037 1163 3093 in
1194 3055 1241 3095 me
1269 3036 1385 3094 meritis

241 3123 355 3201 gratias
379 3143 435 3202 ago
460 3143 494 3182 ac
517 3143 634 3200 semper
657 3125 773 3184 habebo
797 3125 949 3184 maximas.
976 3156 1014 3165 —
1040 3124 1184 3183 Examina
1210 3144 1264 3200 pro
1292 3125 1385 3183 facul-

241 3215 305 3272 tate
327 3213 359 3272 in
377 3213 542 3290 gymnasiis
564 3214 688 3274 docendi
708 3233 785 3273 anno
804 3215 833 3273 h.
853 3233 875 3273 s.
894 3213 1034 3273 LXXXII
1052 3218 1192 3290 superato
1211 3213 1385 3272 candidatus

241 3302 411 3376 probandus
434 3303 582 3378 ascriptus
609 3303 654 3361 fui
680 3303 837 3380 gymnasio
863 3303 945 3380 regio
974 3303 1131 3378 Lipsiensi.
1177 3302 1282 3361 deinde
1310 3302 1385 3361 duos

241 3391 304 3448 fere
328 3409 420 3450 annos
442 3391 560 3451 Bornae
583 3393 756 3470 magisterio
779 3392 901 3451 functus
925 3411 1001 3451 anno
1025 3391 1180 3450 LXXXVI
1202 3391 1268 3451 Kal.
1288 3391 1384 3467 April.

241 3479 386 3537 Dresdam
408 3480 634 3558 transmigravi,
662 3482 715 3541 ubi
739 3502 775 3542 ex
797 3482 853 3540 hoc
876 3485 1010 3557 tempore
1033 3480 1065 3539 in
1091 3481 1273 3541 bibliotheca
1300 3481 1385 3556 regia

242 3568 364 3644 publica
385 3568 532 3628 adiutoria
554 3570 654 3628 locum
677 3573 774 3630 teneo.
