3000 4868
638 277 857 334 -30-

179 448 322 506 Prisciani
351 450 432 507 locus
452 448 482 506 ΙΙ
504 468 533 523 p.
551 451 623 527 250,
640 452 657 508 9
680 448 720 507 Η.
747 452 932 509 uetustissimi
951 452 1037 509 etiam
1058 451 1147 510 43433
1167 453 1243 525 lapis
1252 469 1325 525 pro-

176 535 322 604 4343334·
337 534 458 592 Ε33433
474 579 480 591 .
499 578 506 592 .
523 580 529 593 .

260 636 382 691 speres
404 619 607 676 nominativus
627 618 751 693 pluralis
769 619 842 677 inv.
860 620 923 678 410
939 618 1025 696 (448)
1042 622 1072 678 34
1088 620 1274 681 accusativus
1292 621 1324 679 in

178 723 205 762 v.
225 704 283 760 132
299 698 406 782 (119);
424 723 451 763 v.
467 702 595 760 Neuium
611 704 630 761 l.
648 703 667 762 l.
683 724 711 778 p.
727 704 798 763 570.

261 789 359 847 33443
384 787 571 847 accusativus
593 788 717 863 pluralis
738 789 768 846 in
793 808 821 851 v.
842 790 903 847 536
926 786 1031 869 (583),
1060 810 1089 848 v.
1110 790 1235 850 eundem
1257 791 1278 851 l.
1302 792 1323 851 l.

176 892 195 947 p
260 962 446 1016 armentas
462 957 648 1016 accusativus
659 958 782 1032 pluralis
795 959 851 1016 inc.
864 958 917 1016 lib.
930 959 982 1016 rel.
997 958 1055 1016 XII
1067 956 1149 1036 (ann.
1164 956 1278 1038 603).⁶¹

265 1041 320 1099 His
336 1041 483 1117 subiungo
500 1061 534 1100 ea
550 1043 750 1115 substantiva,
775 1062 850 1118 quae
865 1041 923 1102 alio
938 1062 1047 1118 genere
1063 1045 1099 1102 ab
1117 1045 1214 1103 Ennio
1230 1048 1323 1120 atque

176 1148 193 1184 a
209 1126 424 1202 posterioribus
442 1130 582 1202 usurpata
598 1146 660 1186 esse
676 1128 862 1203 grammatici
878 1129 992 1186 docent.

262 1213 428 1284 cupressi
443 1212 473 1268 in
489 1231 517 1269 v.
535 1213 595 1270 267
612 1208 703 1290 (265)
718 1215 750 1270 34
765 1231 959 1286 cupressos
973 1215 1051 1288 trag.
1067 1213 1129 1272 446
1147 1212 1227 1290 (ann.
1246 1212 1324 1290 267)

178 1297 295 1374 generis
311 1296 483 1371 masculini3
501 1316 530 1354 v.
547 1296 676 1354 Neuium
691 1297 712 1355 l.
727 1297 747 1354 i.
764 1317 794 1371 p.
811 1299 881 1356 622.

260 1382 354 1439 maia
370 1397 473 1440 eruce
488 1381 517 1438 in
534 1400 563 1439 v.
581 1383 640 1439 361
659 1380 762 1456 (395);
785 1402 813 1440 v.
831 1382 959 1440 eundem
974 1383 993 1440 1.
1010 1384 1030 1440 l.
1046 1402 1076 1456 p.
1094 1379 1194 1441 666.⁶²

261 1483 371 1524 arens
396 1465 570 1522 femininum
600 1467 631 1524 in
654 1487 680 1526 v.
704 1468 765 1524 393
788 1462 888 1546 (428);
918 1487 945 1525 v.
968 1468 1093 1524 cundem
1115 1468 1135 1525 i.
1155 1468 1175 1525 l.
1197 1488 1227 1542 p.
1245 1470 1324 1546 6793

176 1548 346 1608 L‘Mucllero
364 1543 455 1629 (Eun.
471 1569 499 1624 p.
518 1550 591 1624 205)
609 1551 778 1609 Priscianus
790 1546 835 1628 (II
847 1570 876 1625 p.
891 1551 960 1622 259,
975 1553 993 1608 5
1006 1548 1069 1628 Η.),
1083 1553 1133 1626 qui
1145 1552 1223 1610 huno
1234 1572 1325 1611 susum

177 1636 315 1712 testatur,
332 1635 398 1691 salli
413 1634 541 1707 videtur,
558 1637 636 1710 quod
653 1635 743 1693 Ennii
759 1654 877 1694 versum
894 1636 957 1694 sinc
973 1636 1063 1695 dubio
1080 1655 1136 1694 vox
1151 1639 1205 1696 iris
1220 1642 1325 1696 secuta

176 1721 226 1778 sit.
258 1720 309 1777 sed
325 1721 355 1776 in
371 1720 425 1776 hac
440 1719 608 1778 coniectura
624 1721 751 1779 traditae
764 1721 924 1796 scripturae
937 1723 1083 1795 aspiciunt
1095 1724 1124 1779 et
1131 1722 1325 1795 perhibentur

176 1805 264 1879 plane
293 1805 504 1879 negleguntur.
540 1806 733 1863 verisimilius
754 1809 814 1877 est,
839 1807 917 1880 quod
939 1805 1092 1864 Vahlenus
1114 1802 1203 1885 (mus.
1226 1807 1324 1867 Rhen.

176 1889 247 1947 XVI
261 1909 289 1963 p.
308 1890 369 1946 575
386 1886 445 1967 sq.)
468 1892 639 1963 proposuit:
661 1908 748 1949 arens
767 1892 964 1967 subspiciunt,
985 1892 1156 1951 3434374533
1171 1910 1245 1966 quae
1255 1911 1325 1967 per-

175 1974 319 2034 hibentur.

260 2065 345 2117 ae're
360 2057 496 2115 feminini
512 2057 630 2133 generis
646 2060 676 2116 in
692 2079 719 2120 v.
736 2059 797 2117 439
815 2057 920 2138 (495),
938 2079 968 2118 v.
984 2059 1113 2118 Nouium
1129 2061 1150 2119 i.
1165 2062 1186 2120 l.
1202 2081 1231 2136 p.
1250 2063 1324 2121 657.

261 2144 406 2216 lapides
421 2143 492 2200 item
509 2143 539 2200 in
556 2163 584 2200 v.
602 2145 663 2201 542
681 2141 786 2221 (608);
803 2165 831 2202 v.
848 2145 972 2203 eundern
989 2145 1011 2201 l.
1028 2145 1048 2202 l.
1064 2164 1095 2219 p.
1114 2146 1185 2204 661.

260 2233 374 2286 metus
396 2229 468 2285 item
490 2229 522 2284 in
543 2249 569 2286 v.
586 2228 647 2286 537
664 2224 768 2307 (526),
792 2249 820 2287 v.
844 2231 968 2287 eundem
985 2230 1085 2303 l.1.p.
1102 2231 1173 2288 679.
1203 2230 1325 2291 Nonius

176 2332 205 2386 p.
219 2314 289 2385 214,
303 2315 320 2369 7
336 2313 426 2370 Ennii
445 2331 545 2371 versus
562 2313 604 2371 sic
620 2314 800 2371 mentionem
818 2315 904 2373 facit:
920 2320 1012 2373 metus
1022 2316 1184 2375 masculina
1196 2311 1325 2392 (maseu-

175 2399 230 2455 4434
242 2396 283 2471 6,
297 2399 458 2455 masculina
470 2397 612 2468 feminina
623 2397 648 2454 H
659 2395 678 2470 ¹3
692 2400 848 2457 masculini
859 2417 920 2457 nan
928 2399 1118 2471 feminiualn
1131 2420 1160 2459 v.
1171 2400 1326 2461 LMneller

176 2482 207 2538 in
224 2481 314 2539 Nonii
333 2477 478 2556 editione)
492 2481 605 2541 Nerius
621 2527 627 2539 .
645 2525 652 2539 .
667 2484 789 2541 Fsnnius
805 2483 960 2557 (feminino
974 2485 1096 2542 Enniam
1111 2484 1272 2559 eniterent:
1290 2490 1326 2546 ni

176 2571 270 2625 metus
284 2568 345 2626 utta
361 2561 446 2646 (ultu’
462 2567 641 2626 Ribbeckius
657 2569 693 2625 ad
709 2568 785 2626 Eun.
802 2572 878 2646 trag.
893 2571 968 2644 3873
985 2570 1036 2628 sed
1051 2590 1078 2627 v.
1090 2568 1272 2632 LMuellerl.
1286 2566 1324 2651 l.)

176 2656 275 2710 tenet.
294 2696 300 2709 .
319 2696 325 2708 .

617 2805 645 2861 2.
670 2804 880 2863 Adiectiva.

260 2905 467 2965 Laurentis
480 2906 681 2966 nominativus
696 2908 729 2964 in
744 2927 771 2964 v.
790 2907 828 2965 35
846 2901 923 2988 (15)
929 2926 982 2982 pro
997 2908 1145 2967 Laurens.
1176 2909 1323 2967 vetustio-

176 3011 239 3049 rem
261 2991 349 3050 huius
372 2991 483 3050 formae
504 2992 686 3066 aliarumque
710 2992 852 3050 eiusmodi
869 3012 954 3050 nsum
970 2992 1137 3052 Priscianus
1152 2993 1183 3050 ΙΙ
1198 3014 1229 3067 p.
1247 2995 1322 3071 337,

179 3079 214 3133 11
235 3076 272 3133 H.
295 3078 337 3134 sic
357 3079 501 3134 testatur:
524 3081 629 3136 ueteres
644 3079 839 3136 huiuscemodi
853 3080 976 3136 nomina
991 3080 1023 3136 in
1037 3081 1064 3136 is
1074 3079 1262 3150 proferebant
1276 3080 1325 3138 443

177 3167 202 3218 34
223 3162 292 3219 haec
306 3160 462 3234 Arpinatis
483 3162 606 3220 dieentes
623 3206 629 3218 .
647 3209 653 3221 .
669 3163 830 3221 Laurentis
850 3165 937 3221 etiam
946 3181 1004 3235 pro
1022 3163 1156 3221 Laurens
1171 3165 1322 3235 dicebant·

177 3246 298 3303 Ennius
315 3287 322 3302 .
341 3286 363 3316 .,
387 3251 417 3303 et
431 3265 459 3319 p.
480 3248 550 3319 133,
569 3247 610 3303 24
628 3247 677 3319 (cf.
694 3267 722 3321 p.
742 3248 810 3317 129,
829 3247 876 3321 2);
898 3249 931 3305 43
952 3249 989 3305 443
1005 3265 1115 3320 quaque
1129 3251 1324 3307 inueniuntur

176 3332 408 3407 denominativa,
430 3331 481 3389 sect
502 3332 621 3402 antique
633 3333 757 3404 prolata,
769 3332 984 3403 paenultimam
999 3337 1110 3392 natura
1123 3334 1167 3392 aet
1176 3335 1323 3406 positione

176 3416 294 3489 tonpam
308 3416 454 3488 habentia,
471 3420 504 3474 ut
517 3459 523 3472 .
537 3458 543 3472 .
555 3415 718 3474 Laurentis
732 3434 843 3489 quoque
853 3435 909 3490 pro
921 3418 1060 3477 Laurens
1072 3462 1079 3476 .
1092 3423 1174 3478 teste
1188 3415 1283 3492 Oapro
1295 3465 1320 3480 ..

177 3502 227 3572 pui
242 3504 340 3558 tamen
355 3502 531 3559 nominativi
546 3518 625 3559 nunc
640 3503 673 3560 in
687 3519 744 3560 usu
759 3519 820 3560 nan
834 3507 913 3561 sunt.

260 3587 400 3643 cuiatis
414 3585 487 3642 item
502 3585 533 3642 in
550 3606 577 3643 v.
595 3586 655 3644 283
672 3582 741 3642 M.⁰³

261 3673 361 3727 aeter
380 3688 434 3744 pro
455 3674 535 3728 retus
557 3671 587 3726 in
609 3691 635 3729 v.
656 3673 691 3727 17
709 3667 787 3749 (16).
818 3672 931 3729 ascribo
953 3672 1214 3747 grammaticorum
1237 3673 1321 3730 testi-

180 3753 286 3822 monia,
304 3773 379 3828 quae
395 3755 471 3828 apud
488 3755 616 3811 Neuium
634 3753 687 3832 (de
704 3755 805 3811 formis
818 3752 864 3812 11²
876 3775 904 3830 p.
918 3755 971 3830 41)
988 3776 1046 3815 non
1062 3758 1150 3832 piena
1165 3757 1321 3815 inveniun-

108 3863 110 3867 ·
176 3842 242 3897 tur:
259 3839 351 3896 Prisc.
367 3838 436 3913 Hp.
450 3840 499 3911 97,
514 3841 531 3896 6
544 3839 583 3896 Η.
599 3840 768 3898 veterrimus
783 3843 868 3913 quasi
882 3845 1124 3916 noeterpasitiua‚
1142 3842 1218 3915 quad
1230 3839 1322 3915 Capri

176 3941 287 3996 quoque
314 3924 455 3998 approbat
481 3925 638 3996 aucteritas
663 3929 689 3982 et
711 3942 784 3983 usus
807 3928 1095 3999 antiquissimarum
1120 3926 1270 3985 Ε33433.
1295 3943 1320 4004 .;

244 4086 265 4119 ⁶¹
286 4105 310 4140 v.
330 4091 448 4140 Nauium
466 4090 483 4139 l.
505 4089 521 4138 l.
541 4105 566 4153 p.
585 4091 647 4151 552;
677 4091 727 4139 sed
746 4093 843 4142 omitte
862 4092 951 4142 Servii
970 4092 1057 4142 locum
1078 4095 1118 4143 ibi
1136 4097 1261 4143 natatum
1281 4091 1321 4156 (in

176 4158 243 4206 Aen.
263 4157 393 4220 111540);
414 4159 450 4238 of.
466 4157 590 4238 Thiianis
604 4162 635 4238 34
646 4159 756 4221 Hageni
771 4160 835 4240 edit.
905 4158 928 4192 ⁶²
949 4160 1033 4209 dubia
1048 4166 1090 4210 est
1103 4161 1220 4240 Bergkii·
1228 4161 1320 4224 opinio

177 4240 328 4341 444314
338 4231 564 4356 tffttttmtt'
568 4241 611 4343 i?
615 4223 997 4359 titia?stituit.
1020 4229 1089 4345 ...⁰1
1105 4229 1321 4360 titiant?

177 4361 211 4409 cf.
231 4360 378 4410 Ritschelii
397 4375 489 4425 opusc.
509 4362 536 4410 II
554 4378 580 4426 p.
599 4364 647 4411 371
666 4377 707 4426 sq.
