3000 4868
634 291 853 348 ..13-

256 464 469 538 loapiscuret
485 463 515 520 in
531 483 557 519 v.
575 463 636 519 429
655 455 744 540 (492)
760 464 790 520 et
805 463 1008 536 loripiscere
1022 461 1052 518 in
1068 480 1096 520 r.
1108 461 1172 520 480
1189 455 1316 538 (199).26

173 547 313 606 notitiam
334 547 419 607 huius
440 546 520 606 vocis
540 545 638 604 Nonio
659 539 702 625 (p.
721 546 797 618 134,
818 540 871 622 11)
893 546 1046 614 debemus
1070 546 1153 604 cuius
1168 545 1260 603 verba
1275 545 1316 602 sic

174 632 287 706 scripta
306 634 377 690 eunt
396 631 427 688 in
449 631 548 689 libris:
570 632 737 705 turpiscera
760 632 878 705 deripere
892 633 957 703 pieri
971 631 1014 688 rel
1027 628 1181 704 perpera
1196 629 1318 687 Ennius

173 718 224 776 lib.
240 715 357 775 XVII:
373 733 465 789 raeque
481 733 600 789 corpore
613 717 702 787 prena
724 717 888 789 loepiscerit
904 714 1064 790 (loepicaet
1081 711 1122 793 Η)
1144 717 1316 787 peicpriurm

174 852 264 910 idem:
281 869 346 910 cum
366 851 428 910 solu
443 855 500 920 est,·
522 851 620 909 eudem
635 848 743 922 ferierit
758 847 815 925 (sio
828 849 929 923 Leid.;
945 813 1061 920 seeidut
1074 847 1147 922 GH)
1163 850 1318 924 leupiscere

173 937 264 1010 deripe.
311 936 419 994 omitto
448 935 544 993 varias
566 935 698 993 virorum
720 935 875 992 doctorum
896 935 1068 1009 opiniones,
1096 934 1203 1009 quibus
1225 933 1317 991 Nonii

175 1021 275 1096 glossa
296 1021 417 1077 minime
439 1022 544 1077 saneta
565 1020 614 1077 sit.
652 1019 706 1075 hoc
727 1019 806 1088 dico,
833 1019 989 1094 displicere
1011 1019 1104 1094 Hugii
1127 1017 1170 1093 (in
1190 1017 1318 1076 Vahleni

174 1099 260 1184 edit.)
275 1106 488 1162 commentum:
510 1105 681 1178 turpiseera
703 1104 877 1177 iaepuidum
898 1105 963 1176 pieri
984 1105 1027 1161 ecl
1046 1104 1149 1177 freepi
1172 1104 1315 1176 ..laepi-

172 1194 278 1248 secet.
297 1233 303 1246 .
320 1207 386 1248 cum
404 1190 476 1248 soles
497 1188 591 1247 terris
604 1187 719 1258 foeteat
733 1188 890 1262 leepiseere
911 1189 1001 1262 loripe.
1033 1207 1106 1262 quae
1122 1189 1211 1245 nimis
1227 1187 1317 1261 longe

172 1274 315 1332 recedunt
330 1293 347 1330 a
362 1273 495 1332 codicum
511 1274 667 1346 scripture.
699 1273 790 1330 immo
807 1290 875 1330 vero
904 1273 994 1329 etiam
1015 1273 1151 1346 sequenti
1174 1271 1315 1331 adverbio

173 1359 256 1432 loripe
272 1359 367 1415 altero
383 1359 448 1415 loco
464 1359 618 1432 torpescere
633 1356 732 1414 fulciri
748 1360 880 1430 apparet.
903 1356 992 1414 Nonii
1004 1357 1102 1414 locum
1119 1356 1315 1414 considerant

173 1443 245 1499 mihi
260 1442 330 1500 haec
345 1442 511 1500 emendatio
527 1461 558 1500 se
574 1441 698 1499 obtulit:
714 1442 881 1515 loupiscere,
898 1443 1016 1515 derepere
1029 1442 1096 1513 sieri
1109 1442 1153 1499 eei
1167 1439 1272 1515 sreapi
1288 1482 1295 1496 .
1310 1482 1317 1494 .

173 1527 355 1601 leepiserert.
373 1571 380 1584 .
398 1544 463 1585 cerri
481 1527 553 1585 soles
573 1528 682 1585 cludere
701 1526 816 1596 sectaret
832 1527 985 1600 loepieeere
1000 1527 1090 1600 deripe.
1122 1527 1316 1600 posteriorem

173 1611 263 1668 Ennii
284 1629 401 1670 versum
423 1611 521 1670 sedem
543 1611 680 1669 habuisse
701 1611 834 1685 suspicor
854 1612 885 1668 in
900 1630 1017 1685 pugnae
1034 1610 1248 1684 descriptione,
1265 1610 1317 1666 ubi

173 1695 288 1753 cladem
304 1696 374 1754 solis
388 1696 521 1754 aestibus
538 1697 654 1753 auctam
670 1713 734 1752 esse
749 1694 933 1753 narrabatur.
941 1693 964 1724 ²⁷

259 1798 474 1871 depremere
495 1797 525 1852 in
548 1816 576 1853 v.
597 1797 659 1854 430
682 1789 782 1875 (494).
824 1798 949 1854 testatur
971 1797 1025 1854 hoc
1049 1796 1173 1854 verbum
1201 1797 1317 1854 Nonius

176 1877 188 1956 1
191 1901 220 1956 p.
238 1882 292 1952 63,
309 1879 357 1954 4):
377 1924 384 1938 .
403 1924 409 1937 .
426 1885 467 1939 est
486 1885 582 1939 eutem
594 1898 701 1954 prame
716 1898 855 1939 mersere
870 1882 1027 1954 precedere,
1050 1899 1108 1952 pau
1120 1883 1183 1952 lieu
1197 1883 1262 1939 eice
1276 1883 1316 1940 ed

173 1967 292 2042 liceum·
306 1967 489 2040 diriperetur,
516 1969 549 2023 ut
574 1969 615 2023 est
641 1967 874 2039 oprimeesorare
903 1971 929 2024 et
954 1968 1076 2035 tadum,-
1101 1966 1224 2025 naeres
1245 1967 1317 2025 libre

173 2049 299 2108 XVIII
312 2068 420 2123 prame
440 2050 562 2124 diripere
587 2051 661 2108 didit
686 2051 854 2124 depraecari
877 2050 1007 2120 ferrum·
1032 2050 1167 2109 Lucilius
1187 2051 1237 2108 lib.
1258 2051 1321 2108 III

174 2136 254 2192 ciera
285 2152 358 2206 puae
391 2135 588 2210 deprimaris,
623 2139 657 2192 ut
685 2137 788 2194 cestris
822 2152 938 2193 medeor
969 2135 1041 2206 feeit
1071 2137 1148 2193 olim.
1209 2135 1318 2192 adicias
1386 2166 1389 2171 ·

176 2219 289 2294 glossas
305 2237 322 2274 a
336 2219 454 2276 Loewio
469 2211 584 2298 (prodr.
601 2239 630 2294 p.
649 2220 725 2292 1183
748 2219 837 2293 gloss.
854 2237 933 2276 nom.
950 2239 978 2294 p.
998 2213 1072 2299 150)
1087 2219 1233 2292 prolatas:
1247 2238 1318 2291 pre·

174 2321 263 2374 mure,
287 2303 408 2377 diripere
428 2297 594 2381 <aepuure>
610 2307 640 2360 et
659 2308 793 2378 premet,
815 2305 928 2377 diripit,
950 2309 1055 2376 ceperit
1071 2302 1202 2377 (premet
1216 2305 1274 2362 diri
1290 2309 1319 2361 et

171 2390 215 2462 pit
229 2392 313 2461 eperat
329 2386 441 2462 codex).
465 2389 541 2462 apud
558 2387 689 2446 Nonium
705 2387 795 2445 verba
807 2407 917 2462 pruma
931 2390 1053 2462 diripere
1069 2384 1209 2467 (deripere
1223 2386 1316 2463 LH2)

176 2471 337 2544 Vahlenus,
353 2473 388 2530 L.
405 2472 567 2530 Muellerus
584 2473 674 2530 etiam
689 2474 762 2531 dixit
776 2471 955 2547 interpolata
969 2473 1110 2530 iudicant.
1133 2473 1318 2547 probabilius

175 2559 340 2615 statuemus
360 2556 489 2614 Neuium
511 2554 561 2634 (de
583 2558 686 2616 formis
707 2555 755 2614 11²
775 2577 804 2631 p.
822 2552 897 2636 282)
919 2557 1010 2616 secuti
1026 2558 1196 2615 Ennianum
1217 2559 1319 2630 depru-

175 2643 251 2700 muri
274 2641 386 2711 ferrern
411 2641 510 2699 verbis
533 2660 641 2715 prame
667 2643 790 2716 diripere
816 2642 967 2716 explicari.
1009 2641 1060 2700 sed
1083 2642 1194 2716 passivi
1223 2642 1318 2699 forma

174 2727 342 2800 depremeri
370 2728 493 2801 propter
512 2726 627 2800 glossas
654 2745 744 2801 supra
768 2727 912 2801 ascriptas
936 2745 1074 2802 magnam
1099 2726 1317 2783 dubitationem

175 2814 290 2882 movet,
317 2815 351 2868 ut
372 2812 557 2885 deprumabis
577 2812 608 2867 in
626 2811 735 2868 Lucilii
756 2831 843 2870 versu
866 2810 1043 2886 Salmasius,
1068 2811 1217 2868 Vahlenus
1240 2812 1317 2884 apud

175 2895 306 2954 Ennium
322 2897 493 2969 depremere
507 2913 560 2953 suo
577 2896 639 2952 iure
655 2896 812 2954 coniecisse
828 2897 995 2954 videantur.
1018 2897 1110 2953 altera
1125 2900 1224 2952 autem
1240 2895 1317 2952 Vah·

176 2979 236 3038 leni
252 2979 421 3038 coniectura
435 2979 533 3050 forum
547 2998 600 3054 pro
615 2980 727 3051 ferrara
743 2980 900 3038 scribentis
917 2981 984 3037 ideo
1000 2981 1098 3038 minus
1114 2981 1219 3054 placet,
1237 2981 1316 3054 quod

176 3064 211 3121 ad
224 3064 315 3122 verba
326 3065 497 3138 depremere
507 3064 605 3135 forem
616 3063 795 3122 illustranda
804 3065 893 3123 Nonii
907 3065 1062 3138 explicatio
1073 3083 1181 3138 prame
1192 3066 1318 3139 deripere

175 3167 233 3207 non
249 3149 383 3223 quadrat.
410 3167 512 3207 omnes
529 3148 720 3211 difficultates
736 3148 820 3207 facile
837 3153 1036 3219 removentur,
1054 3150 1077 3206 si
1093 3149 1176 3219 ferri
1192 3168 1226 3205 ex
1239 3150 1317 3219 ferro

174 3233 287 3290 factum
309 3251 371 3292 esse
392 3236 475 3291 ratus
490 3233 588 3308 legas:
612 3233 734 3292 Badias
750 3279 756 3291 .
775 3278 781 3291 .
795 3252 903 3308 prurire
919 3235 1045 3308 deripere
1059 3235 1132 3292 dicit
1147 3236 1318 3308 depremere

176 3317 263 3387 ferro.
300 3317 341 3376 sic
363 3318 462 3376 verbis
475 3337 582 3392 preme
597 3321 723 3393 deripere
738 3316 903 3394 explicatur
918 3319 1118 3394 fragmentum
1134 3319 1315 3390 Ennianum,

175 3402 227 3460 ubi
242 3403 354 3460 ferrum
368 3422 472 3478 grume
487 3406 532 3461 cst
547 3403 791 3479 intellegendum.

261 3505 379 3578 erupit
400 3503 431 3560 in
452 3524 479 3563 v.
502 3504 562 3561 546
586 3501 683 3579 (593).
727 3523 842 3580 erepere
863 3523 917 3579 pro
944 3504 1164 3579 frequentativo
1189 3510 1318 3563 eructare

176 3590 350 3661 usurpatum
376 3588 589 3647 vetustioribus
610 3588 751 3646 Romanis
776 3591 890 3661 tribuo,
918 3590 997 3664 quod
1024 3589 1140 3647 nullum
1166 3593 1318 3664 praetcrea

176 3673 343 3746 exemplum
364 3673 426 3730 eius
447 3673 584 3732 novimus
605 3673 664 3731 nisi
684 3693 776 3730 unum
798 3675 877 3747 apud
900 3673 1027 3732 Gellium
1045 3672 1100 3749 (XI
1118 3676 1150 3744 7,
1169 3675 1199 3746 3)
1214 3677 1316 3733 riuum

176 3761 315 3816 eructum.
344 3755 433 3815 Gellii
450 3760 548 3814 eutem
564 3777 618 3816 usu
633 3758 708 3815 nihil
724 3758 843 3832 probari
859 3759 1033 3832 supradixi.
1055 3760 1316 3833 grammaticorum

175 3842 347 3900 testimonia
366 3841 437 3898 haec
459 3845 543 3899 sunt:
558 3841 643 3899 Pauli
659 3862 687 3917 p.
700 3843 750 3914 83,
765 3843 783 3898 2
807 3861 923 3917 erepere
936 3845 1021 3901 semei
1034 3842 1146 3913 sectere
1160 3846 1316 3916 sipiificut

176 3926 252 3998 quod
266 3931 395 3984 erectore
409 3928 542 3999 saepius·
556 3927 629 3984 iliud
643 3929 721 3985 enirn
731 3928 876 4000 perfectae
890 3928 1001 3998 formae
1016 3932 1070 4000 est,
1087 3929 1139 3985 doe
1151 3927 1316 3999 frequenta-

175 4012 263 4087 ticee3
280 4010 422 4087 Macrobii
437 4029 497 4070 exc.
510 4010 584 4067 Bob.
596 4010 623 4063 V
636 4031 664 4084 p.
676 4012 746 4083 651,
759 4013 799 4069 34
811 4012 848 4070 Κ.
870 4018 983 4071 erecte.
999 4054 1005 4067 .
1019 4017 1058 4070 est
1073 4030 1092 4069 e
1107 4013 1190 4070 eerbo
1206 4015 1317 4086 erepit·

175 4095 297 4153 Maius
308 4143 329 4156 ..
341 4116 348 4164 3
361 4095 490 4154 eiusdem
503 4114 564 4152 exc.
576 4093 669 4152 Paris.
683 4095 710 4151 V
721 4116 750 4171 p.
763 4098 832 4167 626,
847 4099 887 4155 20
899 4097 935 4154 K.
952 4101 1062 4155 eructet
1072 4095 1317 4168 frequentativam

243 4293 265 4327 ²⁶
283 4311 308 4345 v.
326 4295 469 4345 Baehrens
488 4297 563 4349 arch.
582 4295 713 4358 lexicogr.
732 4297 759 4346 11
778 4313 805 4359 p.
823 4298 882 4345 473.
960 4294 981 4328 ²²
1001 4297 1128 4346 similiter
1148 4313 1255 4347 versum
1274 4298 1316 4346 in·

175 4361 282 4427 tellegit
301 4363 477 4413 LMuellerus
495 4380 562 4414 mus.
582 4364 670 4414 Rhen.
691 4363 782 4415 XXVI
801 4380 826 4427 p.
844 4367 893 4414 347
911 4368 938 4412 et
957 4381 1051 4415 eornm.
1070 4383 1096 4430 p.
1107 4368 1164 4416 203.
