3000 4868
365 1823 386 1846 Χ

277 1961 312 2018 ln
324 1959 357 2029 Q.
370 1961 461 2019 Ennii
476 1961 641 2033 annalibus,
657 1961 709 2036 qui
724 1961 818 2019 multo
837 1962 932 2036 magis
947 1981 1035 2036 quam
1052 1962 1168 2020 fabulae
1181 1963 1336 2037 ceteraque

192 2046 283 2103 Ennii
306 2047 436 2103 earmina
451 2047 579 2119 priscam
595 2048 775 2104 vetustatem
791 2047 940 2117 redolent,
963 2046 1092 2120 plurima
1107 2047 1244 2118 fuerunt,
1260 2066 1336 2121 quae

192 2130 357 2204 posteriore
378 2133 473 2187 aetate
495 2150 510 2186 e
531 2131 745 2188 consuetudine
767 2131 883 2188 sublata
905 2136 985 2188 sunt.
1022 2131 1092 2188 haee
1113 2131 1244 2188 nondum
1266 2134 1337 2188 sunt

193 2215 351 2289 separatim
362 2217 452 2288 atque
467 2217 602 2271 aoenrate
613 2215 784 2288 composita.
808 2233 878 2271 nam
892 2215 1039 2273 Lucienus
1051 2215 1222 2288 Muellerus,
1236 2234 1336 2290 quam-

193 2300 237 2357 vis
258 2299 352 2356 multe
373 2299 518 2356 eiusmodi
541 2299 572 2356 in
591 2298 667 2356 libro
692 2299 727 2356 de
743 2297 778 2367 Q.
793 2299 891 2357 Ennio
907 2319 936 2373 p.
957 2301 1017 2358 190
1032 2318 1098 2374 sqq.
1115 2303 1336 2375 commemoret,

192 2387 291 2440 tamen
306 2383 387 2441 aliud
404 2383 560 2442 eonsilium
576 2384 712 2458 sequitur
728 2381 777 2459 (ef.
790 2404 818 2457 p.
833 2386 890 2442 191
906 2383 973 2459 sq.).
996 2384 1005 2440 i
1021 2403 1096 2458 aque
1112 2385 1185 2441 mibi
1197 2385 1256 2441 iam
1267 2403 1336 2458 pro·

192 2468 324 2541 positum
339 2470 385 2526 est
400 2487 440 2525 ea
455 2486 656 2542 exponere,
679 2486 771 2542 quae
792 2469 831 2526 in
852 2469 1043 2526 annalium
1058 2469 1283 2544 fragmentis
1299 2469 1336 2526 in

192 2552 318 2610 verbis
340 2555 376 2610 et
396 2553 570 2611 versibus
591 2553 776 2610 velllnnii
797 2553 917 2626 ipsius
932 2553 990 2610 vel
1005 2554 1145 2612 aetatis
1161 2553 1241 2610 eius
1257 2572 1336 2611 esse

192 2637 369 2695 videntur
383 2636 547 2711 propria.
571 2656 659 2711 quam
676 2639 878 2711 quaestionem
895 2639 938 2695 ita
953 2637 1118 2706 instituam,
1133 2640 1168 2695 ut
1179 2638 1222 2696 eis
1234 2638 1334 2708 rebuS,

194 2740 268 2795 quae
290 2742 307 2778 a
329 2721 400 2779 viris
416 2722 511 2780 dootis
527 2722 585 2778 iam
601 2721 778 2780 diiudicatae
793 2725 876 2797 sunt,
900 2722 1032 2780 breviter
1053 2722 1290 2780 commemoratis
1305 2723 1336 2780 in

194 2805 253 2863 illie
269 2806 460 2879 potissimum
476 2825 586 2876 verser,
602 2825 676 2880 quae
691 2825 769 2865 nova
785 2807 922 2864 addenda
936 2810 988 2864 aut
1004 2807 1110 2864 melius
1127 2806 1334 2865 constituenda

192 2892 272 2946 sunt.

754 3009 777 3067 I.

278 3109 381 3167 Priore
402 3109 496 3183 igitur
518 3108 605 3166 huius
626 3110 884 3168 commentationis
905 3114 991 3184 parte
1014 3130 1062 3182 ea,
1090 3130 1164 3185 quae
1186 3111 1215 3169 iu
1238 3111 1336 3170 verbis

191 3193 282 3250 Ennii
309 3197 475 3267 temporum
501 3194 621 3268 propria
647 3213 710 3252 esse
738 3194 889 3266 videntur,
918 3196 962 3252 ita
988 3195 1138 3270 tractab0,
1173 3199 1206 3252 ut
1234 3197 1336 3254 ordine

193 3296 361 3335 enumerem
378 3278 507 3350 primum
525 3279 701 3336 voeabula
721 3280 758 3336 in
780 3281 1007 3354 posterioris
1028 3282 1168 3339 aetatis
1188 3280 1336 3338 litteris

191 3379 263 3419 non
291 3365 491 3438 usurpata,
515 3363 620 3421 deinde
647 3383 707 3422 eas
730 3383 850 3439 voees,
879 3384 969 3439 quae
994 3366 1149 3439 proprio
1178 3365 1336 3439 quodam

192 3445 1336 3522 sensuabElnnioadhibentur,tumverborumformasposte·

192 3530 945 3605 rioribustemporibnsabusnremotas.

745 3753 781 3812 A.

357 3850 535 3911 voeabula
557 3857 745 3922 posteriore
767 3858 881 3913 aetate
902 3871 971 3913 non
992 3859 1170 3927 usurpata.

614 3976 639 4030 1.
656 3972 915 4032 Substantiva.

276 4073 312 4132 In
328 4073 525 4133 substantivis
541 4074 755 4149 perlustrandis
771 4075 908 4133 exordior
923 4094 940 4132 a
954 4074 1124 4132 nominibus
1139 4075 1277 4149 propriis.

276 4159 467 4217 Remorum
487 4161 518 4217 in
539 4179 569 4218 v.
586 4159 626 4218 85
642 4157 679 4214 V.
697 4154 753 4237 (80
769 4154 834 4236 M).
873 4160 914 4217 sio
934 4159 1087 4217 nominare
1107 4178 1216 4217 novam
1231 4158 1335 4216 urbem

194 4242 337 4301 Romulus
350 4243 378 4300 in
392 4243 489 4300 animo
501 4244 639 4301 habebat.
656 4261 752 4317 neque
765 4244 843 4300 enim
854 4246 900 4301 est
912 4244 990 4317 quod
1002 4244 1165 4303 Romamne
1176 4244 1336 4302 Romamne

193 4346 259 4385 oum
282 4329 496 4385 vetustioribus
512 4329 676 4386 editoribus
693 4347 746 4402 pro
761 4328 887 4387 &mem
901 4329 1096 4388 Remoramne
1110 4333 1252 4404 ponatur,
1269 4347 1334 4386 oum

1085 4425 1121 4480 1*
